1814 3042
74 43 211 122 ‘⁹16

148 192 198 233 ‘in
236 192 448 233 verborum
488 190 667 230 ordinem
706 191 877 243 recepit,
917 191 1061 231 iniuria
1100 190 1150 230 ob
1190 191 1229 231 id
1267 191 1315 232 ab
1346 191 1545 236 Eussnero
1574 194 1676 236 vitu·
1760 183 1814 208 ³

156 256 391 312 peratus28).
459 257 557 298 Nam
598 258 676 297 iam
716 255 907 298 allocutus
951 262 1010 297 est
1055 257 1219 299 Catilina
1257 250 1504 300 coniuratos:
1551 261 1674 313 ‘quae
1696 250 1700 253 ’

129 338 236 377 rquo
273 337 396 378 usque
433 325 638 377 patiemini
670 323 884 365 fortissumi
923 326 1021 364 viri?
1059 337 1188 366 nonne
1227 327 1352 366 emori
1382 337 1454 379 per
1490 328 1675 368 virtutem

156 398 331 447 praestat
360 404 477 445 quam
509 392 629 432 vitam
660 393 845 432 miseram
877 398 994 446 atque
1026 392 1296 439 inhonestam.
1328 393 1396 434 ubi
1427 392 1578 436 alienae
1609 406 1675 435 su·
1786 397 1791 404 ‘

155 461 320 513 perbiae
350 459 526 500 ludibrio
556 461 702 505 fueris,
735 472 807 512 per
837 460 1008 501 dedecus
1037 462 1269 500 amittere?’
1300 463 1432 512 itaque
1464 461 1675 514 appellatio

80 517 95 525 ‘
156 529 194 568 ei
233 527 500 573 continuanda
541 531 601 567 est
638 526 929 580 dicendumque
964 528 1070 568 vobis
1103 533 1179 571 est,
1218 539 1294 567 non
1333 528 1459 574 nobis,
1498 540 1588 569 cum
1626 529 1675 570 de

154 595 231 635 illis
261 595 403 635 blande
434 594 554 634 verba
584 595 705 635 faciat
735 606 862 646 neque
889 594 1031 634 melius
1061 595 1120 634 vel
1151 597 1282 637 acrius
1312 595 1359 634 ad
1392 595 1538 637 bellum
1559 596 1674 637 civile

155 674 224 702 eos
244 662 448 703 adhortari
478 663 606 714 possit
625 674 741 714 quam
763 661 996 701 fortitudine
1019 673 1154 701 eorum
1175 662 1405 714 viribusque
1426 663 1673 714 praedicatis.

268 729 405 782 Neque
443 728 572 769 minus
612 728 639 780 ξ
679 726 730 768 15
767 728 981 768 hortantur
1015 728 1110 768 libri
1160 729 1194 767 V
1227 730 1424 781 scriptura
1463 730 1544 770 sola
1574 725 1673 782 ,vera

154 801 227 841 est,
260 807 376 847 quam
409 794 582 834 editores
610 800 770 846 praeter
801 794 1036 840 Linkerum,
1069 795 1331 841 Dietschium,
1363 795 1576 837 Iordanum
1606 809 1674 837 ne-

157 863 378 915 glexerunt.
438 862 535 902 Nam
574 876 674 915 quae
713 875 778 902 res
815 864 916 908 sint,
957 861 1102 915 quibus
1140 864 1239 903 socii
1278 863 1324 903 ad
1362 865 1672 905 coniurationem

157 929 438 982 perficiendam
464 929 721 975 adducantur,
755 928 919 970 Catilina
952 930 1086 981 paucis
1116 931 1254 982 eisque
1275 932 1521 982 gravissimis
1542 931 1673 973 verbis

156 1004 309 1039 monet:
348 1000 481 1050 itaque
519 997 757 1038 indicativus
794 997 859 1037 hic
892 1009 968 1036 non
1000 998 1131 1037 minus
1161 997 1288 1037 locum
1321 998 1441 1038 habet
1479 1011 1596 1051 quam
1633 1000 1671 1039 in

157 1065 333 1105 oratione
365 1064 457 1104 huic
487 1062 704 1109 simillima,
744 1076 819 1115 qua
859 1063 1005 1103 milites
1036 1069 1079 1104 ut
1108 1065 1267 1104 sortiter
1298 1070 1337 1104 et
1367 1071 1527 1105 strenue
1558 1078 1674 1119 proe-

157 1134 252 1173 lium
282 1133 417 1173 ineant
447 1131 647 1171 hortatur:
680 1142 756 1182 qua
786 1130 945 1182 quidem
976 1131 1015 1169 in
1048 1133 1225 1171 oratione
1248 1129 1327 1182 (58,
1354 1130 1418 1181 19)
1448 1133 1546 1173 haec
1575 1134 1674 1185 legi-

158 1212 267 1240 mus:
299 1199 471 1239 ‘animus
501 1203 609 1238 aetas
638 1198 762 1237 virtus
793 1202 921 1237 vostra
952 1209 1013 1236 me
1044 1196 1264 1247 hortantur,
1301 1204 1505 1250 praeterea
1537 1212 1673 1240 neces-

157 1267 329 1313 situdo„
349 1278 450 1319 quae
489 1267 606 1305 etiam
646 1265 805 1305 timidos
835 1265 959 1304 fortes
989 1266 1120 1311 sacit';
1159 1271 1483 1316 prorsusautem
1515 1268 1592 1313 eis,
1625 1267 1673 1307 de

158 1334 302 1385 quibus
333 1333 591 1386 disputamus,
623 1332 766 1372 similia
789 1338 879 1372 sunt
900 1332 1014 1371 haec:
1047 1334 1126 1372 ‘res
1147 1338 1302 1384 tempus
1324 1333 1498 1384 pericula
1519 1339 1673 1385 egestas

157 1401 251 1442 belli
290 1401 414 1454 spolia
452 1400 661 1451 magnifica
706 1400 831 1451 magis
876 1412 992 1451 quam
1035 1401 1161 1439 oratio
1206 1412 1292 1439 mea
1336 1413 1404 1440 vos
1449 1402 1673 1442 hortantur'

157 1467 240 1521 (20,
264 1467 345 1521 15).
394 1467 636 1514 Quibuscum
668 1468 865 1506 artissime
889 1468 1066 1517 proxima
1087 1466 1320 1507 cohaerent:
1351 1470 1412 1507 vel
1431 1470 1674 1519 imperatore

156 1538 219 1576 vel
246 1538 370 1575 milite
406 1546 468 1574 me
505 1536 734 1574 utemini.-
772 1535 812 1573 in
852 1533 1000 1586 quibus
1040 1535 1165 1573 miror
1202 1535 1305 1586 quod
1343 1535 1536 1576 Iordanus
1573 1537 1674 1576 hanc

155 1603 347 1642 librorum
390 1602 455 1640 VC
483 1602 721 1653 scripturam
753 1602 911 1641 utimini
938 1601 1109 1646 formae,
1149 1613 1248 1653 quae
1285 1602 1325 1641 in
1355 1602 1423 1641 PC
1450 1607 1526 1649 est,
1566 1608 1673 1655 post-

156 1670 308 1711 habuit.
369 1669 425 1709 lta
458 1674 589 1708 autem
623 1674 667 1707 ut
696 1669 876 1713 sentiam,
911 1668 1010 1707 duae
1042 1673 1134 1706 sunt
1162 1680 1322 1708 causae:
1355 1681 1444 1715 una.
1476 1670 1580 1721 quod
1611 1671 1673 1710 su-

157 1743 289 1776 turum
329 1735 450 1774 multo
491 1736 681 1774 maiorem
712 1746 829 1785 quam
869 1734 1124 1785 imperativus
1155 1734 1231 1773 vim
1261 1734 1400 1780 habet,
1438 1747 1554 1788 quam
1588 1748 1673 1776 rem

156 1809 307 1844 tantum
337 1803 581 1853 significasse
611 1802 705 1840 satis
727 1807 804 1840 est:
838 1800 1067 1849 (Sallustius
1097 1802 1202 1840 enim
1233 1801 1439 1841 Catilinam
1470 1804 1548 1842 iam
1580 1804 1674 1842 facit

158 1870 453 1913 vaticinantem,
480 1867 582 1920 quod
609 1879 746 1907 revera
776 1869 954 1907 evenisse
975 1864 1048 1911 60,
1071 1864 1098 1905 4
1120 1867 1255 1906 tradit:
1288 1869 1457 1908 ‘strenui
1477 1869 1613 1909 militis
1635 1874 1674 1908 et

157 1936 251 1976 boni
289 1936 541 1987 imperatoris
578 1935 708 1974 officia
747 1934 861 1974 simul
900 1933 1204 1986 sequebatur');
1251 1934 1371 1974 altera
1414 1935 1530 1980 haec,
1571 1935 1673 1988 quod

158 2003 267 2044 locus
299 2003 391 2042 huic
422 2002 649 2041 simillimus
679 2007 806 2041 exstat
836 2001 916 2052 lug.
950 1998 1016 2046 85,
1040 1999 1115 2040 47:
1149 2001 1321 2051 ‘egomet
1350 2003 1391 2041 in
1421 2003 1576 2053 agmine
1608 2007 1675 2042 aut

160 2072 199 2109 in
232 2069 383 2121 proelio
415 2068 616 2107 consultor
647 2068 750 2107 idem
782 2079 827 2107 ac
858 2069 991 2107 socius
1021 2066 1187 2118 periculi
1220 2067 1419 2108 vobiscum
1441 2069 1561 2109 adero
1591 2081 1673 2109 me-

158 2149 235 2189 que
266 2149 413 2188 vosque
445 2136 484 2175 in
517 2135 701 2175 omnibus
741 2135 862 2175 rebus
901 2137 1006 2174 iuxta
1037 2137 1202 2185 geram’.
1264 2136 1424 2175 Accedit
1454 2136 1558 2188 quod
1590 2138 1673 2175 veri

158 2203 323 2242 similius
360 2202 515 2241 videtur
557 2203 734 2242 futurum
772 2203 812 2240 in
851 2203 1128 2252 imperativum
1164 2205 1376 2247 mutatum,
1415 2215 1533 2254 quam
1570 2203 1675 2242 hunc

160 2284 206 2310 ex
238 2269 304 2309 illo
335 2270 481 2309 factum
513 2282 614 2308 esse.

272 2337 315 2376 ln
353 2336 415 2374 his
455 2340 585 2375 autem
623 2336 721 2375 locis
759 2347 970 2375 numerare
1008 2347 1218 2386 possumus
1253 2337 1370 2374 etiam
1411 2335 1492 2375 Cat.
1529 2333 1603 2381 33,
1632 2332 1672 2379 2,

158 2404 225 2445 ubi
266 2404 317 2449 V,
358 2403 432 2442 etsi
470 2414 548 2441 non
579 2415 626 2442 ex
658 2404 764 2442 omni
800 2408 912 2455 parte
951 2414 1088 2441 verum
1125 2403 1315 2451 servavit,
1355 2402 1504 2442 leviore
1542 2407 1673 2442 tamen

157 2483 274 2524 quam
306 2471 432 2509 ceteri
463 2470 556 2509 vitio
592 2470 754 2509 affectus
790 2475 862 2509 est.
924 2469 1021 2509 Nam
1058 2481 1179 2520 saepe
1206 2472 1376 2509 maiores
1405 2474 1573 2510 vestrum
1603 2469 1674 2508 mi-

156 2540 270 2580 seriti
297 2539 559 2591 ‘scripturam
590 2538 925 2578 sincerissimam'
957 2536 1102 2577 Gellius
1134 2536 1181 2577 N.
1213 2538 1256 2578 Α.
1287 2535 1377 2583 ΧΧ,
1409 2535 1448 2583 6,
1484 2534 1536 2577 14
1566 2536 1672 2581 dicit,

158 2619 257 2659 quae
290 2609 329 2645 in
362 2605 564 2657 plerisque
596 2604 708 2643 libris
738 2604 858 2643 oblita
889 2607 941 2644 sit
971 2607 1090 2644 vestre·
1124 2605 1358 2655 pronomine
1389 2604 1672 2656 superscripto.

157 2673 280 2714 Liber
318 2674 352 2712 V
379 2677 510 2713 autem
533 2671 607 2712 boc
638 2674 756 2712 vestri
784 2674 964 2718 servavit,
996 2672 1099 2725 quod
1124 2674 1247 2711 ceteri
1271 2672 1492 2723 ignorantia
1523 2669 1673 2709 formae

1661 2810 1681 2824 'b

248 2817 306 2861 28)
331 2818 488 2851 Exereit.
514 2817 600 2851 Sall.
626 2828 660 2860 p.
685 2819 729 2850 24
754 2816 847 2859 (181)
873 2820 1035 2850 annotat.
1065 2820 1092 2849 l.
