1814 3042
1609 105 1690 171 2⁷*

114 211 215 277 'ille
242 212 525 273 grammaticus
552 220 622 271 qui
651 220 726 259 tuis
755 219 949 264 eiecisset,
984 218 1169 272 equidem
1199 219 1322 271 magis
1351 219 1520 258 mirarer
1545 229 1661 270 quam

19 338 36 346 ,Δ
80 298 114 333 st
146 292 208 330 ‘ex
234 287 377 343 glossa,
398 285 493 325 illud
532 287 572 326 in
610 285 735 329 libros
772 285 1015 338 inrepsisse’.
1050 309 1099 313 —
1137 286 1243 326 ldem
1281 284 1492 326 dicendum
1524 290 1585 324 est
1614 285 1663 324 dc

52 370 54 372 ’
80 391 83 395 4
152 355 233 407 lug.
262 350 332 399 24,
362 350 401 399 3,
434 352 503 392 ubi
531 354 610 393 mei
635 354 676 393 in
718 353 749 391 V
778 353 918 392 merito
948 354 1158 393 omittitur.

262 415 449 460 Eiusdem
478 422 638 471 generis
673 421 859 460 vitiorum
895 421 936 459 in
967 420 1034 459 PC
1069 421 1305 460 exstantium
1343 420 1464 460 etiam
1493 418 1663 459 alterum

151 487 376 540 exemplum
408 486 545 526 eadem
572 477 747 538 §nobis
775 486 908 525 offert:
942 488 982 526 in
1013 486 1194 526 omnibus
1215 488 1321 525 enim
1352 486 1409 526 ibi
1437 486 1557 526 libris
1585 499 1660 526 ms.

150 555 373 606 praeter-‚V
391 553 537 604 legitur
559 553 610 604 (s.
632 566 662 592 s.
686 553 737 603 P)
769 564 1047 602 numquamne
1074 563 1170 601 erqo
1192 552 1354 600 familia
1373 558 1510 592 nostra
1528 555 1662 602 quieta

149 618 254 661 erit?
309 618 461 666 Quibus
490 621 530 659 in
563 619 693 659 verbis
721 631 770 659 ne
798 619 1030 671 particulam
1069 620 1207 659 falsam
1245 631 1331 659 esse
1369 621 1446 659 iam
1485 619 1662 660 Kritzius

151 700 223 727 suo
252 688 338 727 iure
357 688 524 732 monuit,
555 699 644 727 cum
677 687 802 726 ‘latini
826 687 1052 738 ubicunque
1073 687 1248 726 dolorem
1271 686 1328 725 vel
1349 686 1659 736 indignationem

150 757 204 795 ita
234 753 455 805 significare
488 752 625 800 velint,
660 759 703 794 ut
733 753 940 794 ostendant
970 753 1009 793 id
1040 753 1144 806 quod
1166 757 1388 805 queruntur
1418 758 1485 792 aut
1514 753 1660 793 miran-

152 827 215 861 tur
245 820 345 860 male
376 822 590 860 convenire
620 833 708 860 cum
739 833 786 860 eo
806 821 909 873 quod
931 822 1018 860 fieri
1044 820 1202 866 deceat,
1233 818 1316 859 sola
1345 830 1443 868 erqo
1472 819 1661 871 particula

151 885 406 939 utantur’43).
475 886 606 939 ltaque
650 888 718 940 qui
771 887 999 928 Gerlachius
1051 892 1091 926 et
1135 887 1342 932 Iordanus,
1393 899 1491 939 quos
1535 899 1688 939 neque,

154 954 375 995 Dietschius
412 965 538 1006 neque
576 953 773 995 lacobsius
811 956 936 995 secuti
974 960 1086 999 sunt,
1125 964 1392 1011 numquamne
1427 953 1660 1005 scripturam

152 1021 411 1075 probabiliter
441 1020 655 1061 defendere
684 1022 854 1074 possint,
886 1034 1023 1074 parum
1055 1033 1255 1074 assequor.
1288 1043 1337 1049 —-
1367 1020 1505 1073 Neque
1534 1021 1662 1060 minus

152 1094 286 1142 aptum
317 1088 398 1140 lug.
432 1086 503 1133 14,
538 1087 587 1128 11
627 1087 850 1141 exemplum
883 1096 961 1135 est,
1000 1101 1078 1142 quo
1116 1088 1303 1129 doceatur
1339 1088 1490 1141 primae
1526 1086 1662 1128 classis

153 1156 309 1197 codices
338 1168 360 1194 a
384 1154 562 1194 ⁴librariis
592 1162 732 1207 suopte
762 1156 930 1195 arbitrio
969 1161 1170 1196 correctos
1208 1167 1295 1195 esse
1327 1155 1385 1194 vel
1414 1157 1545 1207 potius
1574 1167 1660 1194 cor-

151 1228 308 1274 ruptos:
346 1233 434 1261 nam
466 1221 514 1262 de
543 1221 636 1262 libri
677 1223 711 1261 V
736 1228 960 1262 correctore
992 1222 1066 1262 hoc
1094 1221 1252 1274 quidem
1291 1221 1378 1261 loco
1415 1226 1525 1261 certe
1554 1223 1661 1273 cogi-

153 1290 227 1328 tari
256 1289 404 1340 nequit.
464 1288 610 1328 Omnes
641 1290 757 1334 enim,
789 1290 856 1342 qui
885 1289 1043 1328 Iordani
1065 1289 1298 1328 sententiam
1324 1287 1493 1340 amplexi
1514 1287 1660 1328 librum

162 1357 196 1396 V
220 1355 463 1407 grammatici
494 1355 661 1395 alicuius
689 1355 851 1396 libidine
880 1361 1073 1396 mutatum
1103 1368 1190 1396 esse
1211 1355 1368 1405 dicunt,
1401 1356 1581 1408 quamvis
1602 1354 1661 1395 vel

152 1423 360 1469 latissime,
401 1427 447 1462 ut⁴
479 1422 718 1469 Eussnerus,
758 1423 864 1464 hunc
901 1423 1079 1465 mutandi
1116 1436 1298 1476 campum
1335 1428 1471 1475 patere
1508 1428 1657 1476 putent,

151 1489 316 1530 alterum
348 1496 476 1530 tamen
497 1486 715 1531 concedant
735 1503 896 1531 necesse
917 1496 987 1536 est,
1017 1492 1317 1542 grammaticum
1347 1489 1458 1530 illum
1488 1490 1659 1530 rariores

151 1563 267 1609 atque
307 1558 581 1610 exquisitiores
616 1557 836 1598 locutiones
873 1558 913 1597 in
958 1559 1119 1599 usitatas
1157 1563 1274 1611 atque
1318 1558 1498 1609 vulgares
1534 1562 1658 1597 muta·

152 1625 265 1664 visse.
324 1624 406 1669 Hoc
437 1629 566 1664 autem
596 1625 683 1664 loco
714 1626 753 1664 in
795 1626 829 1664 V
854 1637 934 1666 non
964 1627 1049 1675 quic
1076 1624 1238 1677 legitur,
1269 1626 1310 1664 in
1341 1625 1503 1677 reliquis
1533 1625 1659 1664 omni-

151 1690 225 1731 bus
255 1696 313 1730 est
341 1693 495 1740 nequit,
532 1690 572 1730 id
609 1692 714 1744 quod
751 1691 1039 1744 posterioribus
1067 1692 1309 1744 potissimum
1340 1690 1508 1732 saeculis
1537 1690 1657 1731 multo

151 1759 328 1799 usitatius
357 1759 480 1798 ruisse
510 1770 624 1798 nemo
653 1759 798 1799 nescit:
836 1760 967 1812 itaque
1004 1759 1101 1798 haec
1129 1758 1302 1799 librariis
1332 1770 1447 1798 causa
1478 1757 1657 1798 mutandi

149 1826 233 1867 fuit.

262 1893 328 1933 Sic
358 1904 496 1932 rursus
525 1892 661 1932 eadem
691 1893 717 1943 ξ
747 1893 788 1932 in
819 1894 885 1933 PC
919 1904 1008 1933 vera
1047 1892 1292 1945 pronominis
1328 1891 1533 1933 collocatio
1571 1905 1658 1932 mu·

150 1964 228 1999 tata
259 1964 337 1999 est:
368 1958 509 2010 legitur
540 1960 643 1999 enim
673 1961 714 1998 in
745 1958 819 1999 illis
849 1965 892 1999 ut
921 1960 1044 1999 ubivis
1072 1961 1191 1999 tutius
1209 1970 1327 2009 quam
1351 1962 1393 1999 in
1421 1970 1507 2000 meo
1535 1969 1660 2008 reqno

148 2039 289 2073 essem,
331 2028 363 2066 V
391 2032 520 2067 autem
551 2029 591 2067 in
621 2037 744 2076 reqno
762 2037 848 2067 meo
876 2028 1065 2079 scriptum
1087 2022 1258 2068 exhibet.
1308 2027 1385 2067 Sed
1406 2028 1482 2067 iam
1501 2027 1656 2067 Woelff-

148 2094 264 2138 linus,
296 2095 409 2133 cuius
439 2093 733 2133 accuratissima
765 2099 803 2132 et
833 2093 1128 2144 diligentissima
1165 2093 1213 2133 de
1246 2093 1319 2133 hoc
1348 2105 1494 2145 genere
1525 2093 1658 2147 dispu-

94 2161 101 2164 ’
149 2159 296 2213 tatio⁴⁴)
336 2175 357 2201 a
389 2161 671 2200 recentissimis
701 2159 922 2201 editoribus
960 2172 1037 2201 non
1069 2161 1163 2201 satis
1193 2163 1323 2213 magni
1355 2163 1557 2202 aestimata
1587 2167 1657 2207 est,

149 2226 307 2267 Sallusti
338 2228 662 2267 consuetudinem
692 2229 974 2279 pronominum
1003 2226 1322 2268 collocandorum
1353 2228 1573 2268 observavit
1602 2234 1657 2268 at-

149 2307 226 2346 que
264 2294 369 2335 hunc
407 2307 563 2347 quoque
600 2295 833 2347 scriptorem
873 2307 960 2335 eam
998 2294 1074 2335 sibi
1117 2296 1242 2347 legem
1281 2297 1514 2348 imposuisse
1550 2297 1655 2335 inve-

150 2363 227 2405 nit,
267 2366 309 2401 ut
345 2372 471 2402 meum
514 2367 624 2401 tuum
666 2373 778 2402 suum
821 2364 1054 2414 pronomina
1102 2368 1185 2402 tum
1229 2368 1379 2402 tautum
1412 2362 1656 2407 substantivo

148 2439 226 2478 quo
263 2428 460 2480 pertinent
496 2429 862 2486 praemitterentur,
903 2430 935 2467 si
972 2441 1168 2468 summum
1207 2434 1447 2469 momentum
1485 2430 1525 2467 in
1565 2440 1655 2481 pro-

118 2486 123 2494 ’
148 2494 305 2533 nomine
335 2495 505 2546 positum
537 2494 595 2535 vel
625 2496 658 2534 si
688 2507 777 2535 cum
809 2495 967 2535 nomine
999 2495 1244 2536 substantivo
1274 2496 1391 2536 etiam
1422 2495 1655 2535 adiectivum

157 2646 159 2648 .
184 2615 186 2617 ’
237 2615 295 2658 43)
325 2617 370 2649 ad
399 2618 476 2659 Iug.
508 2619 566 2658 14,
596 2619 616 2651 9
645 2629 680 2660 p.
714 2619 756 2651 79
786 2618 839 2651 ed.
869 2618 950 2653 mai.
983 2617 1027 2654 cf.
1058 2618 1167 2651 Hand
1197 2619 1240 2651 de
1270 2619 1395 2661 partic.
1427 2618 1487 2652 lat.
1519 2616 1589 2649 vol.
1620 2617 1655 2649 11

174 2693 182 2701 .
206 2671 273 2704 454
341 2675 373 2708 3.
685 2701 687 2703 .

149 2680 171 2711 p
237 2673 457 2767 44)§Philol.
490 2729 561 2762 vol.
591 2730 695 2763 XVII
725 2740 759 2772 p.
788 2732 865 2765 522.
910 2731 989 2763 Hoc
1017 2734 1136 2763 autem
1167 2730 1246 2764 loco
1275 2730 1502 2763 Woelfflinus
1531 2728 1656 2761 docuit

147 2780 254 2813 etiam
277 2782 354 2824 Ing.
380 2784 470 2825 24‚8
493 2795 570 2818 eam
593 2784 781 2818 vorborum
806 2785 1095 2828 collocationem,
1122 2797 1214 2828 quae
1237 2786 1273 2818 in
1307 2786 1339 2817 V
1361 2785 1517 2826 legatur,
1542 2784 1655 2818 solam

149 2843 266 2868 veram
290 2847 367 2870 esse
391 2843 555 2882 recteque
578 2841 636 2873 edi
665 2843 747 2884 quid
768 2845 818 2874 eat
841 2842 1001 2884 reliquom
1026 2843 1090 2874 nisi
1112 2846 1224 2875 vestra
1247 2843 1295 2873 vis
1318 2851 1345 2873 e.
1373 2851 1405 2882 q.
1430 2850 1457 2874 s,
