1814 3042
116 186 239 233 :mn
238 147 428 230 servarit
437 174 640 223 potentiae
666 170 870 214 factionis.
919 171 1028 211 Solet
1058 172 1162 211 enim
1184 171 1392 211 Sallustius
1412 173 1637 223 genetivum

79 278 83 282 .
102 255 184 295 eg
197 237 442 297 substantivo
462 238 712 291 pendentem,
744 239 822 278 nisi
844 237 1055 288 singularis
1075 246 1204 283 causa,
1236 244 1280 278 ut
1299 239 1424 278 maior
1445 238 1638 290 quaedam

55 293 304 362 ‘2³‘gi-ajritas
323 306 382 346 vel
412 303 612 356 singulare
641 309 885 345 momentum
915 304 1074 356 aliquod
1104 305 1143 344 in
1165 306 1347 355 genetivo
1375 306 1563 358 positum.
1595 312 1637 346 ut

98 378 185 423 {res
216 374 336 414 aliter
372 374 603 412 instituatur
639 372 833 424 postulat,
875 373 911 410 ei
950 384 998 410 ex
1036 383 1113 422 quo
1159 371 1302 422 pendet
1340 374 1491 412 nomini
1529 379 1636 425 post-

66 427 81 477 s
108 441 288 497 ponere,
329 439 433 480 velut
472 438 529 491 (ut
558 451 682 480 unum
713 451 757 479 ex
789 437 1147 479 innumerabilibus
1174 438 1365 490 exemplis
1400 439 1635 491 adscribam)

10 497 21 510 ’
44 497 66 551 s
120 506 218 561 lug.
232 505 310 552 27,
339 504 368 551 2
404 506 571 554 infestus
594 508 793 556 po1entiae
821 506 1057 551 ηοῠίῖίιατίες
1088 504 1169 544 illic
1197 511 1328 545 autem
1349 518 1421 545 cur
1444 506 1637 555 factionis

112 571 229 615 ‘notio
260 558 409 614 maiore
442 574 476 612 vi
506 573 693 613 efferatur
722 573 894 626 perspici
927 573 1075 624 nequit.
1111 594 1155 600 -
1201 571 1360 612 Maioris
1388 579 1518 614 autem
1550 587 1634 615 mo-

101 643 243 685 *menti
275 645 333 679 est
362 641 465 692 quod
501 640 529 690 ἓ
562 638 632 685 10,
672 652 761 679 cum
792 642 833 679 in
864 640 1010 678 ceteris
1039 638 1155 678 libris
1183 639 1326 678 honori
1351 651 1429 679 non
1451 643 1635 690 praedae

119 707 293 758 habeant
312 697 492 761 legatur,
524 705 736 747 Vaticanus
755 706 862 747 solus
891 706 1059 746 honores
1078 716 1156 745 non
1174 706 1353 755 praedas
1382 706 1559 748 exhibet:
1591 715 1634 749 ut

120 781 266 820 tamen,
297 762 429 814 utrum
461 775 610 814 rectius
640 773 814 818 dicatur,
847 773 948 812 haud
980 772 1138 813 difficile
1167 772 1381 812 diiudicatu
1411 776 1475 813 sit.
1535 775 1632 814 Nam

120 829 222 894 quod
253 852 391 881 omnes
420 845 578 894 praeter
607 839 849 881 Dietschium
880 841 954 880 viri
985 839 1090 879 docti
1121 837 1266 880 librum
1293 840 1330 879 P
1353 842 1479 881 secuti
1501 841 1633 882 edide-

117 903 215 947 runt
256 910 401 948 honori
438 920 517 947 non
557 909 742 957 praedae
784 908 975 951 habeant,
1029 908 1068 944 in
1118 919 1164 945 eo
1207 907 1306 945 nihil
1353 907 1459 966 aliud
1504 909 1633 948 inesse

119 964 249 1028 pote-st
279 975 354 1015 nisi
385 974 478 1014 hoc:
517 979 715 1015 ostentare
752 973 907 1014 nobiles
937 971 1175 1019 sacerdotia,
1215 972 1461 1019 consulatus,
1495 975 1632 1015 trium-

118 1042 217 1092 phos
247 1041 412 1093 perinde
442 1054 487 1081 ac.
517 1044 576 1081 sic
612 1044 669 1080 eis
698 1046 857 1080 utantur
895 1046 937 1079 ut
975 1040 1067 1079 inde
1097 1039 1288 1079 honorem
1319 1046 1437 1091 atque
1466 1041 1632 1090 gloriam

119 1109 288 1161 capiant,
319 1120 393 1159 nec
425 1119 515 1149 vero
548 1109 728 1162 imperiis
757 1112 797 1147 et
826 1105 1123 1158 magistratibus
1154 1112 1315 1147 utantur
1343 1107 1490 1161 quibus
1520 1122 1631 1149 aera-

120 1178 221 1216 rium
253 1176 428 1224 expilent
458 1182 498 1215 et
528 1175 693 1227 vectigal
731 1187 867 1226 regum
908 1174 1218 1226 populorumque
1258 1177 1466 1227 accipiant.
1527 1175 1630 1222 Quo-

120 1246 206 1295 rum
237 1243 405 1283 alterum
437 1243 544 1282 nullo
563 1242 680 1282 modo
701 1242 774 1283 hoc
795 1242 881 1281 loco
903 1241 981 1281 dici
1004 1243 1224 1281 rectissime
1240 1243 1324 1281 iam
1347 1241 1629 1295 Dietschius⁴⁶)

119 1311 290 1354 monuit,
330 1311 397 1360 qui
431 1322 478 1348 ex
510 1310 544 1347 P
568 1311 728 1354 honori,
767 1321 814 1347 ex
856 1310 887 1347 V
912 1309 1091 1357 praedas
1130 1310 1169 1347 in
1209 1309 1387 1348 ordinem
1420 1310 1630 1350 verborum

119 1377 238 1415 etiam
269 1388 395 1427 nuper
426 1377 589 1427 recepit.
649 1375 761 1421 Quod
792 1376 970 1426 quamvis
998 1375 1161 1414 tortasse
1191 1375 1269 1413 dici
1306 1378 1500 1427 potuerit,
1539 1383 1631 1416 sunt

120 1448 248 1482 tamen
283 1455 384 1494 quae
421 1455 482 1482 me
516 1443 728 1493 quominus
755 1444 949 1481 assentiar
978 1442 1208 1493 impediant.
1259 1443 1314 1480 Ac
1344 1443 1512 1493 primum
1542 1447 1630 1494 qui·

118 1508 207 1548 (lem
229 1515 337 1548 recte
368 1510 452 1548 [ieri
474 1510 536 1547 vix
557 1513 705 1560 potest,
732 1513 776 1547 ut
800 1509 839 1547 in
864 1510 997 1559 priore
1022 1509 1305 1547 enuntiationis
1325 1515 1437 1560 parte
1463 1511 1628 1561 primam

120 1575 300 1623 codicum
331 1576 542 1621 familiam,
582 1577 623 1615 in
656 1575 776 1615 altera
807 1574 950 1614 librum
987 1577 1020 1614 V
1050 1587 1184 1614 verum
1214 1576 1350 1615 testari
1378 1588 1627 1624 censeamus;

118 1642 262 1681 deinde
293 1645 327 1682 si
358 1642 472 1682 modo
504 1644 576 1687 ita.
610 1643 666 1681 uti
698 1642 896 1681 Dietschio
927 1643 1052 1681 visum
1084 1648 1160 1687 est,
1193 1647 1427 1688 statuamus,
1460 1642 1627 1684 alterum

119 1709 193 1749 hoc
224 1709 498 1761 reputandum
517 1715 594 1754 est,
625 1706 829 1761 haberem)
861 1709 936 1748 alia
967 1710 1124 1748 notione
1155 1709 1332 1748 subiecta
1362 1721 1451 1749 cum
1481 1711 1629 1751 honore

118 1787 224 1821 voce,
257 1774 330 1815 alia
362 1788 450 1815 cum
476 1776 638 1826 praeda
667 1775 918 1815 coniunctum
950 1787 1056 1814 esse:
1089 1777 1140 1815 ita
1174 1781 1216 1815 ut
1246 1777 1435 1815 orationis
1465 1779 1626 1816 concin-

51 1864 54 1869 =
118 1843 231 1888 nitas,
263 1842 337 1881 hoc
369 1842 454 1881 loco
485 1854 647 1894 prorsus
677 1843 896 1890 necessaria
928 1854 1054 1893 neque
1086 1855 1261 1893 usquam,
1293 1843 1326 1881 si
1356 1854 1428 1894 per
1457 1845 1627 1895 scriptu·

118 1919 186 1947 rae
222 1910 448 1949 varietatem
486 1909 597 1953 licet.
648 1921 669 1948 a
708 1908 892 1950 Sallustio
936 1908 1214 1954 abiudicanda,
1253 1911 1398 1949 mirum
1437 1917 1627 1961 quantum

118 1974 299 2014 violetur.
359 1975 458 2015 Tum
490 1987 594 2019 vero,
626 1975 730 2027 quod
760 1987 954 2015 summum
986 1981 1056 2019 est,
1087 1977 1170 2027 ipsa
1201 1977 1396 2015 sententia
1427 1978 1627 2029 postulare

119 2041 272 2082 videtur
294 2048 351 2095 *ut
382 2043 560 2083 Vaticani
590 2044 864 2083 auctoritatem
894 2055 1125 2094 sequamur,
1165 2045 1279 2082 cuius
1308 2044 1467 2094 quidem
1507 2046 1627 2084 verba

118 2109 318 2161 aptissima
350 2115 453 2156 sunt,
485 2111 517 2150 si
548 2111 589 2150 in
623 2109 722 2150 lianc
752 2116 904 2162 partem
936 2109 1182 2162 explicantur
1212 2115 1255 2149 ut
1275 2110 1480 2151 Memmius
1500 2112 1625 2152 dicat:

118 2175 303 2215 incedere
333 2176 485 2217 nobiles
515 2189 586 2228 per
616 2189 684 2217 ora
716 2177 848 2229 populi
882 2178 1131 2227 magnificos,
1168 2178 1387 2217 sacerdotia
1417 2185 1457 2218 et
1486 2192 1626 2219 consu-

118 2241 230 2290 latus,
264 2248 415 2294 partem
439 2244 661 2296 triumphos
681 2256 772 2283 suos
791 2250 1053 2288 ostentantes,
1085 2244 1253 2297 proinde
1283 2247 1394 2296 quasi
1426 2259 1469 2285 ea
1495 2247 1624 2299 adepti

117 2308 215 2352 sint.
257 2309 348 2349 dum
381 2311 567 2362 populus,
608 2317 651 2351 ut
682 2323 748 2349 eos
779 2311 990 2351 honoraret
1021 2316 1137 2362 atque
1167 2324 1238 2363 pro
1268 2314 1425 2352 meritis
1454 2321 1624 2359 ornaret,

117 2374 281 2426 imperia
311 2378 369 2416 eis
408 2378 687 2423 mandavisset,
728 2390 804 2418 non
844 2380 919 2431 ipsi
951 2389 1021 2430 per
1053 2378 1109 2418 l‘as
1139 2391 1184 2418 ac
1223 2378 1332 2419 nefas
1369 2379 1465 2419 llaec
1494 2382 1623 2420 omnia

117 2442 369 2495 arripuerint.

228 2507 363 2560 Neque
388 2512 519 2551 minus
548 2512 575 2562 ξ
608 2511 658 2552 17
699 2513 743 2558 V,
774 2524 943 2564 quocum
982 2513 1176 2552 consentit
1207 2514 1282 2558 P1,
1315 2513 1623 2564 ipsiusvSallusti

204 2671 263 2714 46)
285 2674 342 2707 ed·
366 2687 399 2709 a.
427 2679 522 2712 1859.
562 2679 757 2713 comment.
783 2690 861 2723 cap.
885 2679 918 2712 V
940 2690 974 2722 p.
1002 2681 1075 2712 119.

204 2729 262 2770 47)
287 2729 376 2764 Loci
392 2737 434 2766 ut
453 2734 528 2778 lug.
547 2736 606 2778 89,
626 2736 647 2768 4
671 2735 716 2770 ab
741 2735 809 2770 hoc
833 2736 968 2770 diversi
992 2740 1089 2778 sunt,
1114 2737 1198 2779 quia
1215 2736 1289 2770 illic
1307 2737 1461 2780 scriptor
1476 2738 1621 2780 passivo

4 2773 25 2821 ¹,
57 2784 77 2804 ’ὲ
116 2779 245 2816 utitur.
293 2786 346 2819 Cf.
370 2789 479 2822 etiam
504 2791 704 2825 lacobsium
726 2793 771 2825 ad
795 2792 876 2826 Cat.
905 2795 934 2831 1,
958 2795 991 2824 4.
