1814 3042
0 7 78 41 ,Q
105 15 126 38 ἓν
145 12 156 35 ſs
240 8 258 24 ·’
290 16 293 21 ¹

0 37 87 72 ²35⁷?

74 176 85 249 ι,
139 184 291 240 s'uisse.¹
341 199 450 240 Hanc
488 204 620 238 autem
655 197 955 240 collocationem
993 210 1082 238 non
1109 198 1159 237 ab
1195 197 1283 244 illo,
1321 185 1447 251 quem
1466 169 1737 248 lusitanus
1729 191 1812 258 ’ψ

134 266 272 312 linxit,
311 254 472 306 rhetore
508 265 727 318 prolectam
761 278 846 306 esse
877 269 924 306 ex
955 276 1002 305 eo
1032 270 1217 319 apparet,
1258 259 1367 318 quod
1395 264 1561 347 eandem
1584 260 1658 306 alii
1718 280 1719 283 ¹
1753 260 1766 286 ²*

140 342 298 385 quoque
310 331 420 372 libri
451 331 654 383 praebent.
1570 366 1578 369 ,

253 399 320 440 Sic
336 400 454 439 etiam
475 398 502 451 ἓ
523 396 574 438 12
598 400 635 439 V
651 401 922 449 adaredimim’
941 411 1030 440 cum
1048 398 1137 439 aliis
1151 399 1334 456 servavit,
1357 399 1422 454 PC
1436 404 1567 440 autem
1586 398 1661 439 adi

137 467 386 515 orediantini
420 465 626 511 exhibent,
662 468 764 518 quod
793 468 926 506 minus
959 466 1166 518 probabile
1203 478 1291 505 esse
1321 468 1398 506 iam
1435 464 1661 505 Dietschius

143 532 260 577 vidit,
304 532 583 585 imperativum
624 534 844 584 graviorem
883 532 1153 586 Catilinaeque
1188 531 1353 586 ingenio
1377 533 1570 584 aptiorem
1602 530 1660 572 di-

141 597 316 651 cens³⁷):
348 600 453 652 quod
484 601 663 652 quamvis
694 602 942 641 verissimum
964 600 1033 644 sit.
1065 600 1232 640 alterum
1253 604 1383 639 tamen
1398 599 1659 639 adiciendum

141 678 228 706 esse
258 666 334 706 boc
364 665 534 712 videtur,
567 665 793 708 Sallustium
824 668 864 706 in
895 666 1040 706 talibus
1067 664 1406 706 cohortationibus
1427 666 1658 706 contionan-

143 739 202 773 tes
229 745 388 784 semper
418 734 651 784 imperativo
689 730 845 773 utentes
874 733 1152 776 introducere.
1178 745 1371 784 nusquam
1395 733 1659 772 coniunctivo.

143 800 212 840 Sic
250 798 359 839 verbi
399 811 516 840 causa
555 800 701 840 sactum
739 799 892 840 videbis
929 800 1012 840 Cat.
1049 797 1123 845 52,
1162 797 1231 840 33.
1277 799 1360 851 lug.
1405 797 1474 846 10,
1513 796 1554 839 8.
1594 796 1658 851 14,

142 865 182 907 6.
214 865 281 907 25.
302 864 394 912 85,
424 864 492 906 47.
524 867 634 907 alibi.
1460 883 1473 893 ·

257 933 283 984 ξ
318 932 369 973 13
407 934 469 972 vix
501 934 742 974 mouendum
781 946 867 974 esse
900 922 998 986 pulo
1029 933 1174 974 librum
1215 936 1247 973 V
1278 946 1367 974 eum
1398 934 1536 983 paucis
1568 933 1658 985 (eis-

144 1013 222 1054 que
261 999 363 1039 haud
405 999 531 1040 bonae
573 1005 687 1040 notae
728 1001 786 1041 vel
832 1002 964 1054 polius
1002 1001 1272 1053 interpolatis)
1321 1013 1456 1040 verum
1493 1000 1661 1053 prodere

144 1068 266 1112 vobis,
305 1065 408 1119 quod
450 1073 556 1107 recte
596 1069 636 1107 in
675 1067 885 1108 verborum
924 1067 1105 1108 ordinem
1136 1069 1349 1119 recipitur;
1391 1080 1480 1107 nam
1512 1069 1662 1120 primae

145 1145 335 1187 personae
367 1145 584 1186 pronomen
616 1134 676 1174 vel
708 1140 871 1187 propter
901 1148 947 1175 ea
981 1147 1081 1188 quae
1112 1140 1332 1187 sequuntur
1362 1148 1382 1173 a
1415 1133 1516 1174 bona
1547 1140 1664 1188 atque

146 1203 298 1252 integra
329 1200 523 1240 sententia
555 1214 718 1253 prorsus
745 1201 948 1241 abhorret.

260 1323 374 1365 Nunc
404 1324 452 1364 ad
485 1337 553 1364 eos
583 1324 700 1372 locos,
732 1325 877 1378 quibus
907 1327 947 1365 in
978 1325 1081 1365 libro
1116 1326 1164 1365 de
1196 1324 1300 1365 bello
1330 1324 1564 1376 Iugurthino
1592 1326 1663 1366 Va-

146 1393 266 1431 ticani
288 1387 504 1432 auctoritas
530 1380 713 1444 praestat,
742 1392 860 1432 ,nobis
892 1392 1129 1432 veniendum
1160 1397 1232 1432 est.
1284 1391 1462 1438 Quorum
1492 1388 1663 1444 primum

145 1472 194 1498 ex
225 1459 307 1509 lug.
343 1456 414 1503 10,
449 1458 471 1497 1
509 1458 664 1511 promo,
721 1459 779 1498 lbi
821 1461 926 1498 enim
956 1459 1060 1499 haud
1091 1458 1211 1498 dubie
1243 1471 1333 1499 vera
1363 1458 1663 1498 estverhorum

145 1525 353 1566 collocatio
379 1537 497 1579 quam
524 1527 559 1565 V
586 1525 690 1578 (cum
712 1526 962 1577 paucissimis
983 1526 1120 1577 eisque
1146 1525 1392 1569 deterrimis,
1423 1514 1470 1564 ex
1492 1524 1559 1565 illo
1579 1526 1665 1577 ipso

147 1592 319 1632 subinde
350 1590 602 1645 correctis³⁸)
644 1591 823 1632 exhibet:
864 1603 1033 1641 parvom
1070 1603 1139 1641 eqo
1167 1597 1241 1637 te,
1264 1591 1482 1641 inaurata,
1521 1594 1666 1632 amisso

144 1664 264 1710 patre
292 1662 378 1700 sine
405 1670 488 1710 spe,
519 1661 604 1699 sine
631 1659 771 1709 opibus
800 1660 841 1698 in
871 1669 1037 1708 reqnum
1056 1669 1182 1698 meum
1203 1660 1360 1709 accepi:
1392 1671 1471 1711 quo
1501 1659 1584 1699 loco
1615 1659 1665 1700 ab

147 1726 335 1773 lordano,
375 1726 597 1771 Dietschio,
637 1725 816 1766 Iacohsio
853 1726 900 1765 ad
940 1725 1132 1765 librorum
1170 1726 1238 1765 PC
1271 1727 1545 1766 auctoritatem
1582 1737 1665 1776 eqo,

146 1794 358 1845 Iuourtha,
376 1799 412 1834 te
427 1793 577 1834 editum
593 1806 672 1834 non
689 1792 828 1846 probo,
845 1792 1104 1846 exemploque
1122 1792 1196 1833 hoc
1211 1805 1297 1833 esse
1314 1800 1409 1845 puto
1425 1806 1540 1846 quam
1557 1800 1667 1834 certo

147 1861 303 1901 Sallusti
323 1861 483 1901 dicendi
504 1872 651 1913 genere
669 1860 884 1912 diligenter
906 1860 1111 1912 explorato
1133 1872 1209 1900 non
1226 1872 1348 1913 pauca
1367 1859 1496 1912 paullo
1517 1862 1667 1901 rectius

147 1928 388 1968 conformari
417 1928 579 1979 possint.
640 1928 735 1968 Nam
762 1939 850 1968 cum
883 1929 1044 1968 omnino
1075 1926 1138 1967 lex
1160 1928 1355 1968 sermonis
1378 1926 1488 1967 latini
1514 1929 1583 1974 sit,
1623 1934 1669 1969 ut

148 1996 239 2035 bina
278 1998 318 2036 in
350 1995 487 2035 eadem
519 1996 789 2037 enuntiatione
829 1995 1062 2047 pronomina
1099 2005 1214 2046 quam
1251 1994 1431 2047 proximo
1463 1994 1666 2036 intervallo

147 2075 190 2102 se
210 2063 423 2114 excipiant,
449 2063 562 2102 cuius
582 2064 639 2101 rei
661 2062 839 2114 exempla
860 2061 1167 2102 innumerabilia
1184 2062 1228 2100 jn
1249 2067 1435 2113 promptu
1453 2066 1556 2107 sunt,
1582 2067 1665 2102 tum

148 2129 379 2170 Sallustium
409 2131 470 2168 vix
504 2129 618 2169 aliter
648 2128 822 2168 locutum
854 2139 940 2168 esse
961 2134 1126 2181 apparet
1150 2128 1208 2167 vel
1233 2141 1278 2167 ex
1301 2128 1381 2168 Cat.
1406 2126 1481 2175 52,
1501 2126 1542 2169 5.
1580 2128 1665 2181 lug.

147 2195 221 2242 31,
248 2193 288 2236 6.
328 2195 383 2235 ib.
419 2193 489 2239 10,
514 2194 557 2235 7;
597 2202 774 2235 ceterum
804 2200 896 2235 ante
924 2196 994 2235 hos
1024 2200 1079 2244 te,
1119 2195 1339 2245 quurlha,
1376 2197 1447 2244 qui
1465 2200 1601 2235 -aetale
1628 2200 1667 2235 et

146 2264 347 2313 sapientia
374 2263 490 2311 prior
518 2274 571 2312 es,
604 2275 652 2302 ne
683 2264 800 2302 aliter
827 2264 982 2302 eveniat
998 2263 1217 2312 providere
1236 2263 1365 2306 decen
1398 2264 1566 2302 maxime
1597 2275 1665 2314 au-

148 2336 228 2371 tem
259 2331 293 2369 si
330 2328 549 2369 contuleris
586 2342 630 2369 ex
668 2331 848 2370 oratione
887 2330 1045 2370 Memmi
1081 2329 1163 2381 lug.
1195 2326 1269 2374 31,
1299 2326 1354 2369 27
1385 2329 1502 2370 baec:
1541 2341 1668 2381 neque

147 2408 221 2450 eyo
251 2407 335 2445 υοε,
379 2396 565 2445 Quirites,
606 2398 754 2437 hortor.
813 2397 994 2438 Conferri
1028 2402 1156 2449 potest
1190 2398 1307 2437 etiam
1340 2409 1399 2437 or.
1439 2392 1539 2437 Phil.
1570 2398 1664 2438 hist.

148 2464 176 2509 Ι,
207 2462 275 2509 48,
308 2461 335 2503 9
365 2464 474 2512 quod
499 2476 574 2513 eqo
604 2477 671 2504 vos
701 2477 772 2505 oro
802 2470 921 2514 atque
949 2466 1120 2512 obsecro,
1148 2470 1290 2514 patres
1317 2467 1545 2515 conscrepti.

261 2530 388 2578 Quam
426 2537 558 2571 autem
595 2532 696 2571 male
734 2533 893 2584 saepius
931 2544 995 2571 res
1032 2536 1193 2583 geratur
1230 2530 1324 2572 libri
1361 2533 1398 2572 V
1432 2533 1666 2573 auctoritate

148 2599 352 2650 neglecta,
391 2597 705 2638 luculentissimo
744 2600 923 2651 exemplo
959 2599 1040 2650 lug.
1078 2596 1147 2644 10,
1178 2596 1206 2637 2
1244 2598 1453 2650 probatur,
1493 2598 1563 2662 ubj
1601 2599 1666 2639 ille

239 2711 298 2752 37)
323 2711 376 2743 ed.
400 2721 431 2742 a..
459 2710 555 2744 1868.
580 2711 690 2750 praef.
717 2722 751 2752 p.
778 2711 858 2745 VH.

239 2766 297 2809 38)
322 2765 449 2799 Adieci
478 2764 584 2806 haee,
617 2769 657 2798 ut
686 2765 880 2800 indicarem
919 2766 1043 2810 quales
1074 2769 1196 2800 essent
1232 2765 1313 2799 libri
1350 2766 1412 2809 qui
1453 2766 1492 2799 in
1522 2765 1668 2807 Iordani

148 2824 306 2858 editione
329 2823 357 2856 G
379 2822 506 2856 littera
530 2826 715 2856 notantur.
