1814 3042
148 167 416 224 >coniunctum
446 172 570 221 essetz
600 190 719 220 nemo
748 183 890 224 autem,
923 179 1074 231 opinor,
1104 176 1175 218 itio·
1200 176 1289 219 loco
1312 164 1484 239 adeam
1507 161 1681 236 '039329-54
1758 160 1814 184 λ

129 285 134 289 ,
162 247 310 303 tionem
340 247 560 298 confugiet,
598 251 642 286 ut
660 244 790 286 etiam
821 246 862 285 in
892 244 1124 304 pronomine
1154 243 1302 297 atiquid
1332 245 1522 286 momenti
1551 241 1707 290 inesse
1757 243 1760 246 '
1786 240 1814 297 ᾗῇ

159 319 321 365 arguat,
360 313 466 366 quod
504 311 740 366 quantillum
777 315 912 352 contra
950 310 1113 352 alterius
1150 312 1254 351 vocis
1290 312 1370 352 vim'
1397 312 1522 353 valeat
1540 307 1709 367 'qufflgq

161 376 297 420 sentit.
356 379 468 420 Libri
510 381 546 420 V
570 384 703 420 autem
725 380 960 431 scripturam
988 378 1055 418 hic
1078 390 1250 430 ,quoque
1279 371 1554 430 probissimum
1593 373 1694 425 esse
1732 398 1734 400 ·

160 447 306 499 optime
337 445 482 487 docent
510 446 609 488 haec
639 446 838 498 exempla:
870 445 954 498 lug.
977 442 1041 491 10,
1066 444 1088 485 1
1120 445 1161 485 in
1189 456 1357 495 Γερηνία
1384 456 1535 493 metum
1567 443 1630 502 10,
1650 444 1696 487 2v

157 525 296 563 meque
313 525 559 564 requiemque
576 525 725 559 meum;
756 511 823 559 24,
845 511 873 554 5
891 515 1008 553 simul
1027 511 1245 552 amicitiam
1265 517 1436 553 vostram
1455 519 1495 553 et
1512 524 1679 563 reynum

158 590 287 620 meum
315 592 496 631 sperare.
589 578 593 582 ⁴

273 647 302 699 ἓ
334 645 389 688 18
418 649 544 688 levior
574 660 686 688 error
720 649 896 688 omnium
926 649 1078 699 primae
1119 647 1290 687 familiae
1319 646 1513 688 librorum
1543 652 1602 688 est
1629 648 1679 688 ne

159 725 232 766 pro
262 725 340 754 neu
371 713 545 755 Vaticani
582 715 799 766 scriptura,
842 713 890 753 de
927 726 1002 767 qua
1042 712 1217 754 dubitari
1254 714 1409 767 nequitt
1447 714 1510 756 cui
1548 720 1677 755 tamen

159 783 218 822 rei
251 794 301 822 ne
322 794 396 834 ego
425 781 588 834 quidem
611 781 828 834 quidquam
859 781 993 821 tribuo
1022 786 1182 833 praeter
1210 781 1306 827 hoc,
1336 782 1440 834 quod
1471 781 1561 822 inde
1591 781 1678 822 aliis

109 874 116 882 -
160 847 435 902 similibusque
474 849 581 889 vitiis
618 849 857 902 comparatis
894 853 1058 901 apparet
1094 859 1174 889 non
1219 847 1429 890 admodum
1467 847 1679 901 diligenter

153 921 422 971 accurateque
460 918 540 956 iam
577 916 853 968 archetypum,
902 928 952 955 ex
995 927 1074 967 quo
1117 920 1198 955 tota
1236 915 1333 955 haec
1370 914 1514 955 familia
1552 916 1676 961 fluxit,

158 982 351 1034 scriptum
384 982 517 1024 luisse.
569 982 706 1035 Neque
735 981 860 1022 multo
889 983 1081 1023 maiorem
1111 981 1189 1023 vim
1219 981 1338 1023 habet
1367 982 1469 1035 quod
1500 981 1526 1034 ξ
1552 978 1603 1022 21
1636 983 1676 1022 in

168 1050 204 1087 V
238 1054 347 1089 recte
385 1051 579 1102 scriptum
619 1055 680 1090 est
715 1052 872 1099 quoius,
913 1049 1017 1101 quod
1056 1048 1105 1088 ab
1144 1051 1232 1102 ipso
1261 1047 1446 1089 Sallustio
1485 1049 1676 1100 originem

156 1115 278 1162 ducit,
309 1117 461 1169 primae
491 1121 624 1157 autem
646 1115 819 1157 familiae
839 1115 932 1157 libri
960 1117 1074 1157 cuius
1092 1117 1357 1158 recentiorem
1378 1116 1542 1157 formam
1562 1126 1677 1169 prae-

158 1182 272 1223 bent:
312 1185 367 1224 ita
398 1189 442 1224 ut
471 1185 546 1226 hoc
576 1184 663 1225 loco
693 1181 802 1224 certe
832 1184 1085 1235 intellegatur
1123 1184 1162 1223 in
1200 1184 1263 1224 bis
1292 1184 1407 1224 libris
1436 1186 1588 1232 rariora
1619 1189 1675 1224 at-

159 1262 237 1302 que
268 1252 546 1303 exquisitiora,
586 1253 706 1292 etiam
744 1252 777 1291 si
809 1249 961 1291 litteras
991 1252 1099 1304 ipsas
1135 1252 1351 1304 respicias,
1391 1263 1479 1291 cum
1516 1253 1677 1291 usitatis

119 1310 123 1313 ’
157 1322 197 1356 et
225 1317 436 1358 cotidianis
465 1323 616 1358 mutata
648 1330 748 1358 esse.

269 1384 521 1425 Manifestum
553 1390 684 1425 autem
713 1385 960 1431 mutationis,
1000 1396 1103 1436 quae
1140 1383 1360 1436 explicandi
1396 1384 1526 1425 studio
1556 1383 1675 1424 debe-

158 1454 258 1497 tur,
288 1450 510 1504 exemplum
549 1452 588 1491 in
628 1451 741 1491 libris
776 1453 924 1503 primae
962 1450 1135 1491 familiae
1166 1451 1464 1504 deprehendere
1494 1451 1590 1491 mihi
1621 1449 1675 1490 vi·

159 1518 260 1557 deor·
291 1518 320 1570 ξ
348 1516 422 1563 21,
462 1531 541 1570 quo
571 1518 658 1557 loco
687 1520 725 1558 P
749 1530 838 1557 cum
869 1516 1053 1557 omnibus
1081 1522 1122 1557 et
1150 1518 1322 1568 optimae
1352 1522 1392 1556 et
1420 1518 1576 1557 infimae
1606 1526 1674 1557 no*-

157 1590 220 1625 tae
259 1583 372 1625 libris
412 1590 464 1624 ut
497 1586 566 1625 ille
601 1587 672 1635 que·
706 1597 813 1625 nunc
847 1585 1061 1626 sceleribus
1095 1587 1178 1625 suis
1214 1597 1247 1624 e.
1279 1599 1316 1637 q.
1349 1598 1377 1624 s.
1409 1583 1613 1637 praebet,·
1634 1587 1675 1624 in

155 1652 205 1693 P1
231 1656 270 1690 et
298 1653 349 1692 Pa
379 1651 477 1703 (im)
508 1664 558 1691 ne
587 1654 859 1705 superscripto
888 1656 931 1691 ut
960 1650 1124 1703 legitur,
1167 1652 1326 1691 Vsolus
1355 1663 1410 1690 ne
1437 1653 1504 1691 ille
1525 1664 1559 1691 e.
1581 1665 1619 1704 q.
1642 1664 1673 1691 s.

157 1716 394 1771 simpliciter
431 1719 606 1759 exhibet.
673 1718 784 1766 Quod
834 1718 959 1759 solum
1009 1731 1140 1758 verum
1179 1724 1410 1770 rectumque
1448 1730 1534 1759 esse
1571 1720 1675 1759 inter

155 1797 295 1825 omnes
324 1791 501 1830 constat;
533 1785 688 1826 librarii
719 1793 871 1831 autem,
908 1798 997 1825 cum
1028 1785 1124 1837 quid
1153 1797 1203 1824 ne
1231 1785 1424 1837 particula
1454 1784 1533 1825 sibi
1563 1783 1676 1825 vellet

155 1854 398 1902 ignorarent,
416 1858 459 1892 ut
474 1854 854 1905 superscripserunt,
876 1864 993 1904 quam
1010 1864 1145 1891 vocem
1160 1852 1342 1905 plerique
1357 1853 1570 1902 genuinam
1588 1863 1674 1892 esse

154 1920 230 1959 rati
262 1931 334 1971 pro
363 1931 413 1959 ne
432 1919 627 1973 particula
658 1918 820 1960 Sallusti
850 1918 980 1959 verbis
1001 1921 1274 1963 inseruerunt.
1307 1920 1344 1959 ei
1366 1924 1497 1958 autem
1518 1920 1587 1971 qui
1608 1931 1673 1958 co-

154 1985 264 2026 dices
293 1987 343 2027 P1
368 1992 408 2026 et
436 1987 487 2027 Ρι
518 1988 766 2039 scripserunt
795 1986 911 2037 longe
943 1987 1240 2026 accuratissime
1269 1985 1441 2038 exempli
1470 1985 1673 2038 archetypi

153 2071 392 2122 scripturam
421 2072 548 2110 secuti
583 2054 629 2130 κζ
654 2073 879 2121 pinxerunt.

266 2153 394 2193 Etiam
425 2156 466 2194 in
498 2154 655 2194 Memmi
684 2153 921 2207 oratione⁴⁵)
953 2167 987 2194 c.
1018 2153 1067 2194 31
1104 2154 1177 2195 loci
1207 2155 1485 2207 reperiuntur,
1516 2154 1554 2194 in
1584 2155 1672 2207 qui·

153 2221 227 2259 bus
258 2220 349 2260 libri
387 2223 423 2259 V
449 2223 688 2273 scripturam
722 2233 853 2260 veram
883 2234 969 2261 esse
1008 2222 1126 2262 facile
1164 2227 1364 2274 appareat.
1426 2219 1602 2268 Quorum
1633 2221 1672 2260 in

154 2299 321 2326 numero
351 2289 505 2338 primus
534 2293 595 2327 est
634 2288 661 2339 ξ
690 2286 737 2333 4,
778 2287 845 2327 ubi
885 2289 921 2326 V
953 2290 1164 2340 genuinam
1202 2287 1410 2328 verborum
1451 2287 1671 2328 collocatio-

242 2399 302 2439 45)
334 2399 467 2431 Exstat
497 2398 539 2431 de
562 2398 629 2432 hac
659 2399 826 2432 oratione
850 2399 1046 2442 singularis
1070 2399 1215 2434 libellus
1245 2398 1292 2433 C.
1313 2399 1356 2432 A.
1381 2398 1422 2433 F.
1447 2399 1670 2432 Widmanni:

152 2455 347 2495 ‘Quaestio
374 2454 418 2487 de
435 2454 652 2487 Sallustiani
667 2455 823 2487 Memmii
847 2456 1038 2496 oratione’‚
1062 2455 1182 2489 editus
1200 2455 1366 2488 Blabirae
1380 2465 1413 2487 a.
1434 2455 1530 2488 1857.
1559 2455 1673 2495 Quem

151 2521 194 2543 ea
218 2511 262 2543 de
285 2520 396 2543 causa
420 2511 706 2548 commemoravi,
730 2521 774 2543 ne
799 2512 890 2554 quis,
915 2512 1010 2544 sicut
1033 2511 1111 2555 ipse
1134 2511 1308 2555 opinatus
1332 2521 1428 2553 sum,
1453 2513 1596 2554 putaret
1619 2511 1672 2544 in-

150 2567 268 2599 veniri
292 2567 331 2598 in
354 2575 397 2598 eo
422 2564 544 2597 libello
569 2576 624 2598 res
650 2576 740 2608 quae
763 2566 809 2599 ad
832 2567 941 2600 verba
966 2567 1153 2610 scriptoris
1176 2566 1401 2600 restituenda
1421 2565 1479 2599 vel
1501 2566 1546 2600 ad
1560 2565 1670 2600 Mem-

151 2623 260 2655 mium
285 2622 521 2665 pertinerent,
544 2631 694 2664 eumque
711 2622 825 2655 multa
841 2632 949 2666 opera
964 2622 1225 2666 anquirendum
1248 2632 1338 2657 esee.
1386 2621 1560 2656 Continet
1576 2622 1670 2656 enim

149 2681 297 2721 praeter
318 2678 433 2710 verba
457 2676 611 2710 Sallusti
641 2678 680 2709 in
710 2682 873 2710 nostrum
903 2688 1101 2711 sermonem
1130 2677 1311 2711 translata
1333 2677 1427 2710 nihil
1450 2678 1523 2710 nisi
1547 2677 1670 2720 dispu-

150 2733 326 2767 tationem
350 2736 529 2778 quattuor
553 2732 697 2776 paginis
722 2731 875 2776 finitam,
901 2744 972 2777 qua
1002 2734 1151 2768 docetur
1180 2734 1357 2779 quomodo
1388 2737 1479 2767 extr.
1505 2743 1557 2769 or.
1581 2733 1602 2775 9
1626 2734 1671 2768 28

152 2802 233 2826 cum
259 2791 391 2826 ceteris
417 2790 609 2825 cohaereat
625 2793 662 2825 et
678 2792 902 2833 consentiat,
928 2802 1020 2836 quae
1039 2792 1115 2825 sine
1131 2791 1205 2825 ullo
1223 2792 1353 2825 damno
1369 2790 1511 2833 neglegi
1534 2793 1667 2834 potest.
