1814 3042
101 66 210 133 „4'

142 213 233 242 rum
264 201 304 242 in
334 212 499 242 numero
529 201 682 254 primus
712 206 774 242 est
803 201 843 242 C.
877 202 919 242 L.
951 201 1134 242 Rotbius.
1193 201 1231 242 Is
1256 201 1367 243 'enim
1398 202 1533 244 Museo
1554 201 1683 245 Rhe-4>

142 267 289 317 nano2)
326 269 636 320 disputationem
672 270 866 313 inseruit,
904 281 978 321 qua
1018 274 1057 307 et
1094 269 1141 308 ad
1181 268 1305 308 libros
1343 269 1504 308 Sallusti
1542 282 1660 310 manu

141 336 312 387 scriptos
331 334 616 375 examinandos
634 338 751 387 atque
769 336 811 375 in
829 335 1017 387 quasdam
1035 335 1182 376 classes
1200 325 1491 376 distribuendos
1510 336 1661 389 primus
1714 352 1717 355 ¹
1769 333 1784 341 ⁷
1803 329 1814 354 ’ἶ

140 402 299 455 impulit
328 406 368 441 et
398 402 483 454 ipse
514 401 753 442 lineamenta
791 401 982 454 quaedam
1021 402 1140 442 huius
1177 401 1383 442 divisionis
1420 394 1657 454 designavit:

141 481 243 521 quae
273 468 544 520 distinguendi
574 470 699 516 ratio,
737 471 914 522 quamvis
945 481 1033 509 eam
1063 481 1153 509 mox
1183 470 1269 522 ipse
1299 481 1378 510 non
1409 481 1496 510 esse
1526 482 1659 511 veram

140 536 382 576 intellexerit
395 533 448 589 ⁸),
480 537 588 576 initii
619 541 748 576 tamen
780 541 820 576 et
846 538 1014 576 rationis
1044 549 1088 577 ac
1118 537 1258 576 iudicii
1287 535 1402 576 laude
1432 538 1660 578 etiamnunc

140 604 259 655 digna
297 609 372 644 est.
440 603 523 644 Hac
559 608 689 644 autem
729 605 769 643 in
815 604 1094 644 dissertatione
1140 603 1205 645 ille
1250 606 1405 655 primus
1440 606 1581 645 statuit
1618 607 1659 645 in

139 671 297 723 scriptis
335 670 586 711 Sallustianis
625 671 788 711 edendis
826 672 1080 724 praecipuam
1123 671 1213 711 libri
1250 670 1427 711 Vaticani
1464 672 1657 712 rationem

137 732 362 778 habendam
390 749 476 778 esse
487 736 531 788 ⁴).
583 738 719 790 Neque
747 739 861 779 aliter
882 738 1072 779 iudicavit
1091 737 1308 784 Linkerus,
1339 739 1406 790 qui
1428 738 1657 779 Vaticanum

94 819 105 828 «
138 804 180 842 in
221 803 471 843 orationibus
509 809 550 843 et
592 804 775 856 epistulis
818 803 1073 844 recensendis
1119 809 1347 844 constanter
1391 809 1557 845 secutus
1585 810 1657 850 est,

139 872 320 922 quamvis
351 872 436 923 ipse
457 871 496 910 in
518 871 763 921 praefatione
788 884 827 923 p.
852 871 900 911 VI
929 876 1028 911 extr.
1050 871 1239 912 fateatur:
1272 873 1326 912 ‘et
1345 872 1658 924 fortassemagis

137 938 258 977 etiam
289 939 402 990 sequi
434 936 660 979 debebam’.
721 937 901 984 Quocum
932 940 1131 979 consentit
1159 938 1403 986 Dietschius,
1442 941 1511 991 qui
1540 941 1658 979 etiam

138 1006 365 1044 accuratius
395 1005 444 1043 de
474 1004 579 1043 libro
617 1006 652 1044 V
681 1004 954 1057 disputavit⁵):
996 1007 1030 1045 is
1060 1018 1154 1045 vero
1185 1006 1293 1045 illius
1323 1007 1542 1058 scripturas
1570 1018 1656 1045 sae-

137 1073 302 1123 pissime
323 1073 364 1111 in
385 1070 595 1111 verborum
617 1071 798 1111 ordinem
820 1073 972 1122 recepit
993 1074 1233 1123 omninoque
1254 1073 1355 1112 hanc
1376 1074 1474 1112 artis
1494 1063 1656 1112 criticae
1709 1074 1715 1077 ’

137 1136 265 1189 legem
293 1137 372 1178 sibi
403 1138 563 1190 scripsit
593 1144 655 1184 ut,
686 1137 755 1178 ubi
786 1150 914 1191 neque
939 1150 1079 1178 sensus
1107 1151 1235 1192 neque
1264 1140 1461 1179 sermonis
1488 1140 1588 1179 recti
1618 1144 1658 1179 et

136 1198 285 1257 integri
314 1205 424 1256 leges
453 1205 671 1251 obstarent,
703 1204 931 1245 Vaticanum
961 1206 1103 1246 ducem
1134 1213 1250 1259 atque
1281 1212 1483 1246 auctorem
1514 1218 1655 1258 seque·

136 1278 262 1312 retur.
322 1272 459 1325 Neque
499 1285 590 1312 vero
621 1273 695 1312 hoc
725 1273 854 1312 solum
884 1272 1106 1313 Dietschius
1137 1274 1163 1313 1.
1194 1285 1227 1312 s.
1257 1285 1288 1312 s.
1320 1275 1547 1326 proposuit,
1587 1273 1655 1313 sed

139 1341 282 1385 etiam,
322 1350 423 1391 quae
462 1341 564 1378 ratio
600 1328 707 1378 inter
744 1338 892 1378 librum
938 1340 974 1376 V
1010 1344 1048 1378 et
1092 1339 1248 1379 codices
1294 1341 1445 1391 primae
1483 1339 1656 1379 familiae

135 1405 427 1451 intercederet,
467 1404 529 1444 his
568 1405 702 1444 verbis
739 1405 992 1456 significavit:
1032 1406 1285 1445 ‘Vaticanum
1325 1411 1414 1445 ante
1446 1408 1577 1445 omnia
1607 1406 1655 1445 ad

136 1472 438 1513 examinandam
469 1472 713 1523 reliquorum
743 1471 939 1511 librorum
979 1472 1095 1512 fidem
1125 1472 1392 1512 adhibendum
1423 1485 1509 1512 esse
1539 1484 1656 1512 nemo

135 1538 402 1578 infitiabitur’.
462 1537 570 1584 Quae
601 1538 818 1590 disputatio
849 1551 896 1577 ex
926 1544 1039 1590 parte
1070 1538 1227 1578 laudem
1256 1538 1470 1578 Woelfflini
1502 1537 1652 1589 tulit⁶):

136 1607 201 1645 cui
232 1611 363 1646 tamen
394 1605 433 1644 id
464 1617 552 1645 esse
584 1605 886 1657 vituperandum
920 1607 1045 1644 visum
1076 1611 1154 1650 est,
1186 1606 1288 1657 quod
1319 1605 1546 1645 Dietschius
1576 1618 1654 1645 non

135 1677 244 1712 tanta
275 1677 422 1725 quanta
453 1684 555 1723 opus
584 1676 689 1711 esset
718 1672 875 1711 consilii
895 1673 1116 1711 constantia
1145 1671 1241 1711 libri
1279 1673 1313 1712 V
1343 1673 1561 1724 scripturas
1591 1683 1654 1711 re-

135 1741 309 1792 cepisset
338 1738 587 1791 eundemque
618 1739 722 1791 quod
754 1738 801 1779 ad
837 1739 1137 1779 examinandam
1180 1739 1424 1793 reliquorum
1463 1739 1654 1779 librorum

134 1806 255 1846 fidem
286 1805 556 1846 adhibendum
587 1817 674 1845 esse
705 1806 882 1847 dixisset.
944 1806 1210 1846 Woelfflinum
1245 1811 1376 1845 autem
1406 1810 1566 1846 secutus
1595 1810 1655 1845 est

135 1873 347 1917 Iordanus,
387 1874 456 1924 qui
488 1872 802 1913 luculentissime
841 1871 1014 1923 docuit7)
1056 1875 1280 1913 orationum
1312 1878 1352 1911 et
1381 1873 1653 1923 epistularum,

135 1952 233 1993 quae
272 1952 320 1979 ex
359 1939 614 1979 historiarum
655 1939 771 1980 libris
815 1941 1067 1986 manserunt,
1114 1939 1262 1979 nullum
1306 1939 1456 1978 fontem
1500 1943 1653 1978 exstare

134 2012 296 2059 praeter
335 2008 380 2052 V,
413 2019 460 2045 ex
492 2019 569 2058 quo
600 2006 691 2045 libri
724 2008 762 2045 B
791 2008 818 2045 i.
850 2019 884 2045 e.
915 2006 1087 2046 Urbinas
1114 2004 1194 2045 411
1230 2005 1326 2056 (Vat.
1359 2003 1398 2055 2)
1431 2010 1470 2044 et
1501 2005 1530 2044 C
1558 2007 1585 2044 i.
1617 2017 1652 2043 e.

133 2074 218 2114 Vat.
248 2071 361 2114 3415
392 2073 584 2124 descripti
615 2078 760 2113 essent.
820 2072 896 2119 Qui
927 2078 1016 2124 post
1044 2073 1117 2112 hos
1146 2072 1195 2111 de
1217 2071 1376 2112 Sallusti
1399 2070 1514 2111 libris
1534 2083 1654 2111 manu

136 2142 295 2193 scriptis
333 2141 548 2193 disputavit
584 2138 845 2193 Brentanoss),
885 2141 933 2180 de
971 2141 1059 2192 ipso
1099 2139 1282 2179 Vaticano
1313 2137 1412 2178 nihil
1443 2139 1532 2177 novi
1561 2150 1652 2190 pro·

134 2208 239 2254 tulit,
271 2209 326 2247 ita
356 2213 400 2247 ut
430 2209 620 2247 continuo
651 2210 798 2248 iterum
829 2207 945 2247 nobis
973 2206 1166 2246 Iordanus
1187 2205 1443 2258 appellandus
1473 2207 1536 2244 sit.
1586 2204 1652 2244 At-

137 2288 214 2328 que
236 2275 302 2315 hic
323 2274 483 2328 quidem
504 2275 650 2315 docere
678 2272 867 2325 studuit9)
900 2274 1079 2314 codicem
1099 2273 1328 2313 Vaticanum
1353 2273 1547 2323 originem
1569 2273 1655 2323 qui-

135 2343 224 2382 dem
264 2342 425 2382 duxisse
463 2353 485 2380 e
521 2341 625 2381 libro
663 2353 782 2381 manu
821 2343 970 2393 scripto
1009 2342 1105 2381 satis
1142 2340 1247 2379 bono
1286 2350 1331 2377 ac
1368 2342 1538 2383 vetusto,
1585 2340 1653 2390 qui

135 2409 272 2449 multis
303 2410 345 2448 in
375 2407 496 2448 rebus
525 2421 616 2449 cum
648 2421 708 2454 eo,
741 2420 788 2448 ex
819 2421 896 2460 quo
927 2408 1130 2448 Parisinus
1149 2405 1394 2446 Sorbonicus
1420 2417 1458 2444 n.
1479 2402 1563 2445 500
1594 2403 1652 2457 (P)

224 2542 260 2585 2)
284 2542 377 2575 Mus.
405 2541 518 2575 Rhen.
543 2541 616 2574 vol.
640 2540 692 2574 IX
727 2552 761 2584 p.
789 2543 989 2575 129—135.
1087 2539 1121 2581 3)
1151 2539 1236 2573 ibid.
1263 2549 1297 2581 p.
1322 2539 1398 2571 630.
1498 2538 1534 2579 4)
1563 2539 1652 2573 ibid.

133 2608 168 2641 p.
195 2600 260 2631 129
284 2600 446 2632 annotat.
466 2599 495 2629 1.
587 2595 623 2638 ὅ)
648 2597 687 2628 in
710 2596 762 2629 ed.
789 2597 871 2632 mai,
897 2607 929 2629 a.
948 2597 1047 2630 1859.
1086 2595 1324 2627 Commentat.
1350 2603 1428 2635 cap.
1447 2594 1465 2626 1
1488 2605 1522 2636 p.
1543 2596 1580 2626 11
1600 2605 1651 2637 sq.

224 2652 261 2695 6)
285 2652 416 2687 Philol.
440 2652 513 2685 vol.
539 2650 646 2684 XVII
670 2661 704 2693 p.
728 2652 937 2693 519—548,
968 2652 1033 2684 ubi
1056 2660 1091 2682 v.
1117 2649 1344 2692 potissimum
1367 2658 1400 2691 p.
1426 2649 1501 2681 526.

226 2708 261 2750 ’1)
285 2707 381 2743 Mus.
405 2708 520 2741 Rhen.
544 2707 617 2740 vol.
643 2705 767 2739 XVIII
791 2717 824 2749 p.
848 2707 1048 2740 584-590.

224 2763 260 2806 8)
287 2764 365 2796 ‘De
395 2763 434 2796 O.
466 2763 619 2796 Sallusti
650 2762 772 2805 Crispi
800 2763 983 2796 codicibus
1016 2761 1254 2794 recensendis.
1300 2761 1399 2794 Diss.
1431 2761 1552 2803 inaug.
1578 2772 1652 2794 scr.

132 2818 309 2854 Aemilius
327 2820 536 2858 Brentano',
555 2818 608 2852 ed.
626 2817 903 2851 Francofurti‘a.
924 2819 1017 2852 1864.
1096 2817 1133 2860 9)
1150 2816 1269 2850 Herm.
1285 2816 1357 2852 vol.
1375 2818 1393 2851 1
1409 2827 1445 2860 p.
1463 2818 1651 2851 231-240.
