1814 3042
64 25 175 79 ζᾱέἓι·
198 36 211 57 ¹,

76 79 156 89 0⁵⁷·*a

0 87 110 123 „4324”
148 113 162 119 ..

1562 106 1567 112 ·
1604 76 1657 129 13

144 207 319 263 quisque
333 203 459 245 altero
477 201 806 254 praestantiorem
827 200 1060 241 crediderit.
1110 200 1207 241 Nam
1230 198 1330 240 nihil
1350 205 1458 240 certe
1480 200 1657 246 interest,

145 267 279 313 utrum
309 272 395 323 lug.
414 267 482 316 24,
504 267 532 309 9
559 269 691 310 scribo
718 268 824 321 quod
853 266 975 319 P021)
1008 274 1047 308 et
1078 268 1238 308 Servius
1259 267 1507 308 Cassellanus
1535 270 1659 318 scrip-

145 343 228 380 tum
251 336 453 382 exhibent,
485 346 534 374 an
553 336 701 385 scripsi
724 334 829 387 quod
851 335 893 374 in
924 335 958 373 V
974 334 1120 386 legitur
1140 346 1276 375 verum
1297 346 1383 374 esse
1403 333 1658 373 arbitremur.

130 406 282 459 ‘Neque
312 409 448 445 utrum
478 402 634 443 facilius
670 407 737 442 aut
774 414 911 442 errore
950 406 1017 442 aut
1046 402 1211 442 consilio
1242 401 1370 455 (quale
1401 406 1533 442 tamen
1564 413 1656 441 con—

132 465 277 513 silium
307 472 451 511 mirum
471 468 665 521 videatur)
697 481 743 508 ex
767 469 890 509 altero
921 470 1019 508 oriri
1047 470 1238 520 potuerit,
1270 468 1526 520 intellegitur.
1577 469 1659 509 Nec

147 540 273 591 magis
301 538 385 589 lug.
406 534 475 582 24,
500 535 521 576 1
553 548 713 577 causam
743 538 934 581 invenias,
965 548 1036 575 cur
1067 541 1134 576 aut
1162 535 1354 575 librorum
1377 536 1444 575 PC
1460 538 1657 589 scriptura

144 616 223 646 non
261 616 349 644 mea
384 606 507 654 culpa
543 614 663 653 saepe
707 604 772 642 ad
817 614 881 642 vos
923 608 1080 643 oratum
1124 605 1236 643 mitto
1273 603 1412 642 melior
1453 605 1504 643 sit
1541 615 1657 655 quam

143 671 238 711 libri
269 672 306 711 V
329 671 520 710 memoria
541 680 620 710 non
640 680 728 709 mea
747 671 870 720 culpa
889 681 1010 720 saepe
1029 681 1096 709 vos
1115 675 1270 709 oratum
1289 671 1399 709 mitto
1418 691 1474 699 —
1505 677 1655 710 utrum·

144 751 219 790 que
250 739 355 777 enim
385 738 609 776 rectissime
640 736 785 776 dicitur
815 759 881 782 —,
917 741 983 775 aut
1013 736 1148 775 rhetor
1177 737 1374 788 quispiam
1406 736 1570 775 consilio
1599 738 1657 776 ad

146 804 479 856 praepositionem
511 803 702 842 delevisse
724 802 923 842 videatur:
955 814 1045 841 nam
1076 801 1226 842 nullum
1247 802 1426 854 profecto
1446 813 1653 854 argumen-

143 877 224 911 tum
255 870 329 910 hoc
358 870 535 910 futurum
565 871 628 916 sit,
660 870 787 910 videri
817 882 906 910 eum
938 872 978 910 in
1008 870 1303 922 praepositione
1334 869 1557 911 offendisse.

256 959 336 999 Iam
368 959 416 999 de
449 960 587 1000 ultimo
617 959 795 1011 exemplo
826 959 1034 1000 dicendum
1065 965 1143 999 est:
1183 960 1297 1000 affert
1330 961 1437 1003 enim
1467 958 1657 1000 Iordanus

144 1027 227 1078 lug.
260 1024 336 1086 ᾧ,
366 1024 442 1073 29,
483 1040 561 1079 quo
593 1027 731 1068 doceat
760 1039 918 1080 semper
948 1040 1009 1073 se,
1048 1026 1116 1067 ubi
1148 1029 1367 1079 scripturae
1398 1027 1592 1068 librorum
1625 1028 1662 1067 P

143 1099 182 1133 et
222 1094 259 1132 V
282 1094 557 1145 discrepantes
586 1096 673 1146 pari
703 1094 881 1133 bonitate
913 1098 1061 1139 essent,
1103 1093 1252 1132 librum
1281 1094 1319 1132 P
1343 1099 1524 1133 secutum
1555 1106 1653 1133 esse.

143 1159 224 1200 Hoc
256 1165 387 1200 autem
418 1162 546 1213 ipsum
579 1160 796 1201 concedere
829 1162 891 1201 vix
923 1173 1153 1214 possumuS‚
1185 1162 1271 1213 pari
1303 1166 1509 1214 utramque
1530 1163 1655 1214 scrip·

143 1233 272 1267 turam
304 1227 479 1267 bonitate
511 1240 610 1267 esse.
661 1228 738 1267 Res
769 1229 872 1267 enim
894 1228 990 1267 haec
1012 1234 1084 1267 est.
1136 1227 1177 1266 ln
1219 1228 1256 1267 V
1280 1228 1424 1278 legitur
1438 1233 1655 1278 praeterea
1693 1218 1701 1222 ”

141 1296 354 1335 cicatrices
383 1296 553 1336 advorso
577 1300 808 1346 pectore,
848 1295 1032 1347 idemque
1064 1296 1105 1334 in
1136 1293 1238 1334 libro
1268 1292 1556 1345 Basiliensi22),
1588 1309 1652 1336 su-

142 1364 367 1413 perscripto
387 1368 520 1402 tamen
540 1374 732 1412 corpore;
764 1362 857 1401 libri
878 1363 945 1401 PG
960 1372 1129 1411 corpore
1152 1361 1355 1413 praebent,
1387 1363 1426 1400 in
1448 1363 1485 1401 P
1494 1367 1657 1412 pectore

143 1430 457 1481 superscriptum
488 1426 620 1480 est23).
680 1431 734 1469 Ac
763 1430 935 1481 primum
975 1429 1133 1480 quidem
1173 1441 1249 1468 non
1288 1428 1413 1468 solum
1449 1431 1653 1470 verissime

144 1497 268 1535 sensit
297 1496 523 1536 Dietschius
560 1497 757 1542 ‘volnera,
797 1508 896 1547 quae
927 1501 1087 1548 pectore
1119 1496 1284 1535 advorso
1315 1502 1477 1548 excepta
1508 1503 1653 1547 essent,

146 1562 267 1602 multo
297 1563 556 1604 laudabiliora
588 1569 627 1603 et
656 1563 888 1616 gloriosiora
920 1576 1005 1603 esse
1026 1575 1143 1617 quam
1164 1575 1264 1615 quae
1286 1562 1450 1603 advorso
1471 1576 1650 1617 corpore,

143 1641 237 1681 ergo
257 1631 316 1670 vel
340 1637 475 1670 ventre
506 1632 565 1671 vel
595 1631 795 1683 pedibus’,
827 1631 894 1671 sed
923 1652 980 1659 —
1009 1631 1084 1670 alia
1115 1636 1158 1669 ut
1189 1632 1367 1670 omittam
1395 1652 1454 1660 —
1481 1633 1650 1672 maxime

141 1697 224 1748 ipsa
249 1702 414 1746 pectore
444 1710 515 1737 vox
545 1699 798 1738 confirmatur
826 1697 1058 1744 Quintiliani
1088 1699 1341 1743 auctoritate,
1376 1700 1443 1750 qui
1464 1698 1511 1745 ΙΙ,
1537 1697 1601 1745 15,
1624 1697 1648 1738 7

141 1762 239 1803 haec
270 1762 408 1803 habet:
449 1765 631 1805 Manium
669 1767 867 1814 Aquilium
903 1764 1121 1812 defendens
1157 1765 1365 1810 Antonius,
1403 1776 1492 1805 cum
1527 1767 1651 1806 scissa

141 1835 240 1869 veste
259 1833 479 1879 cicatrices,
503 1843 603 1880 quas
622 1834 655 1871 is
671 1843 748 1881 pro
763 1833 904 1880 patria
931 1836 1135 1880 pectore
1164 1831 1378 1870 advorso
1405 1834 1649 1883 suscepisset,

140 1898 321 1939 ostendit.
380 1897 477 1938 lllud
509 1902 638 1938 autem
668 1898 772 1939 laudi
802 1897 880 1938 sibi
911 1897 1017 1938 ducit
1037 1897 1199 1943 Marius,
1241 1910 1282 1938 se
1318 1902 1360 1937 ut
1389 1898 1650 1940 fortissimum

230 2089 288 2130 21)
317 2090 344 2122 C
365 2093 461 2130 sunt,
485 2092 526 2122 ut
548 2089 586 2122 in
610 2089 753 2122 Iordani
779 2089 945 2130 editione,
971 2090 1103 2132 primae
1119 2088 1275 2121 familiae
1290 2089 1433 2122 codices
1451 2090 1510 2122 vel
1527 2100 1649 2123 omnes

141 2143 201 2177 vel
224 2143 380 2187 aliquot;
412 2155 482 2188 qua
512 2148 616 2186 nota,
649 2155 861 2188 quamquam
891 2155 963 2178 non
993 2145 1121 2187 ignoro
1152 2155 1197 2178 ex
1228 2148 1328 2188 parte
1353 2154 1436 2178 vera
1460 2155 1539 2179 esse
1562 2155 1650 2188 quae

142 2199 356 2234 Gerlachius
373 2205 498 2234 eontra
523 2202 672 2242 monuit,
697 2202 749 2235 eis
773 2201 863 2234 locis
886 2212 974 2234 usus
999 2212 1087 2241 sum,
1112 2201 1242 2243 quibus
1267 2201 1328 2233 vel
1351 2200 1392 2232 de
1410 2201 1650 2244 discrepantia

142 2256 254 2289 totius
278 2256 412 2298 primae
436 2256 562 2290 classis
587 2255 685 2298 (PG)
716 2259 752 2289 et
776 2255 861 2289 libri
890 2256 925 2288 V
945 2256 1136 2298 agebatur,
1167 2255 1224 2289 vel
1254 2257 1399 2289 omnino
1429 2256 1649 2299 singularum

142 2311 401 2353 scripturarum
432 2315 495 2345 aut
527 2315 624 2344 certa
655 2312 741 2344 mihi
772 2312 902 2344 notitia
931 2313 970 2345 in
1001 2316 1169 2355 promptu
1205 2322 1276 2344 non
1306 2315 1382 2345 erat
1411 2316 1475 2345 aut
1505 2314 1649 2345 omnino

118 2366 236 2401 >ratio
260 2366 423 2399 habenda
447 2377 526 2400 esse
552 2377 623 2400 non
647 2367 846 2408 videretur3
870 2367 1018 2410 reliquis
1041 2368 1130 2401 locis
1156 2368 1320 2401 omnibus
1344 2367 1520 2399 Dietschii
1542 2371 1647 2400 notas

139 2423 321 2465 usurpavi.

229 2481 286 2525 22)
316 2483 423 2517 Hunc
450 2484 579 2518 librum
611 2495 691 2517 cum
716 2485 926 2519 Gerlachius
957 2484 1091 2527 (annal.
1119 2484 1280 2519 Heidelb.
1304 2495 1334 2517 a.
1363 2482 1462 2527 1868)
1493 2485 1646 2517 omnium

138 2540 486 2581 praestantissimum
519 2541 667 2583 dixerit,
704 2541 814 2574 miror
844 2541 939 2584 quod
968 2540 1076 2575 huius
1108 2540 1180 2574 loci
1208 2541 1421 2574 mentionem
1452 2551 1522 2574 non
1552 2540 1646 2576 fecit.

141 2594 363 2637 Quamquam
385 2596 470 2629 talis
494 2597 612 2640 qualis
636 2597 724 2630 haec
747 2599 804 2629 est
827 2598 1024 2639 scripturae
1051 2597 1216 2630 condicio
1240 2607 1313 2629 non
1335 2596 1505 2628 immerito
1523 2601 1647 2628 conta--

137 2649 346 2683 minationis
370 2652 611 2695 suspitionem
633 2662 775 2686 movere
797 2652 950 2686 videtur.

228 2710 286 2752 23)
315 2711 369 2743 De
394 2714 461 2754 eis,
494 2724 584 2755 quae
613 2716 652 2747 in
672 2715 774 2751 ,libro
800 2715 832 2746 P
857 2715 1105 2757 superscripta
1138 2715 1198 2748 vel
1225 2716 1264 2746 in
1288 2714 1442 2754 margine
1467 2712 1646 2754 adscripta

139 2768 236 2807 sunt,
260 2765 342 2798 vide
366 2777 459 2810 quae
483 2768 580 2803 infra
605 2769 889 2814 disputabimus:
915 2770 1007 2804 unde
1031 2773 1125 2804 recte
1149 2781 1170 2803 a
1194 2769 1298 2803 nobis
1322 2768 1447 2802 horum
1471 2768 1646 2802 rationem

137 2830 210 2853 non
232 2820 393 2856 habitam
415 2834 493 2858 esse
516 2826 715 2868 intelleges.
