1814 3042
139 191 329 241 plerique
363 199 500 248 eoru'm
529 191 610 238 ‚qui
642 193 736 230 ante
769 199 832 229 me
876 191 1130 231 sententiam
1173 178 1383 237 differunt,
1422 192 1462 232 in
1502 179 1812 244 reliquie··=jj-222

146 253 380 299 sententies
408 256 568 308 legitur.
608 256 752 315 Quae,
782 258 960 308 quamvis
989 257 1153 297 fortasse
1184 262 1397 310 utrumque
1427 270 1449 298 a
1475 245 1686 308 Sallustio
1812 262 1814 271 ²

146 323 226 363 dici
257 324 444 376 potuerit,
476 324 529 364 ita
561 328 691 364 tamen
722 324 827 363 inter
847 335 889 363 se
911 323 1117 371 differunt,
1149 329 1193 365 ut
1219 326 1446 379 sententias
1473 325 1667 366 dioeerunt
1695 336 1697 338 ·

144 390 221 430 hoc
252 391 468 442 significet:
509 393 623 430 ‘cum
663 403 773 430 suam
811 392 979 443 quisque
1011 393 1245 432 sententiam
1276 386 1500 444 exponeret
1523 396 1563 431 et
1590 389 1664 444 qua

145 459 186 498 in
218 470 261 497 re
292 456 383 498 aliis
412 470 490 498 non
522 457 820 508 assentiendum
857 457 1053 510 aliterque
1093 457 1345 509 statuendum
1378 470 1464 498 esse
1494 458 1665 511 explica·

66 532 80 536 ”
144 526 240 570 ret’‚
277 527 524 566 seutentiam
566 525 758 565 dixerunt
795 537 888 564 vero
926 525 1148 577 simplicem
1178 526 1380 566 notionem
1411 524 1670 565 hanczconti—.

143 597 254 631 neat:
288 594 393 632 ‘cum
426 593 660 632 sententiam
691 594 819 642 rogati
840 594 1024 641 essent’q
1049 605 1178 644 neque
1208 591 1312 632 aliud
1334 593 1547 645 quicquam
1567 592 1686 633 Cae-.

144 671 209 698 sar
239 665 370 710 potest
400 659 475 699 lioc
506 659 593 699 loco
623 658 758 698 dicere
788 659 902 699 velle.
1539 695 1542 697 Α
1662 653 1667 655 ’

257 727 392 779 Neque
429 727 517 778 plus
546 726 573 776 ξ
608 723 660 765 15
693 724 796 764 libro
829 726 863 764 P
888 726 974 764 dari
1007 731 1147 777 potest,
1181 725 1283 765 unde
1306 725 1497 766 Iordanus
1527 731 1664 766 contra

144 793 338 834 librorum
387 794 424 832 V
455 799 495 833 et
535 794 580 833 Ρι
615 793 908 838 auctoritatem,
947 794 1014 845 qui
1053 794 1226 833 severior
1262 792 1472 840 exhibent,
1509 796 1665 834 saevior

143 861 287 901 edidit:
327 860 366 900 id
404 860 508 912 quod
541 862 639 899 ferri
670 872 833 912 prorsus
863 861 1018 911 nequit,
1058 873 1146 900 cum
1185 859 1291 900 nullo
1328 860 1464 906 modo,
1505 866 1547 900 ut
1584 862 1674 900 iam

144 927 363 979 Herzogius
393 927 596 967 verissime
627 928 800 972 monuit,
840 928 998 967 saevior
1036 926 1273 967 adiectivum
1312 939 1399 967 cum
1436 930 1561 978 paulo
1597 927 1662 968 ad-

144 995 280 1034 verbio
311 995 519 1034 conciliari
550 995 694 1045 possit:
733 1007 808 1045 qua
839 994 997 1046 quidem
1028 1006 1122 1033 voce
1154 996 1296 1033 Caesar
1326 994 1504 1034 consulto
1527 997 1662 1038 utitur,

143 1067 187 1101 ut
216 1061 357 1101 doceat
386 1061 628 1101 mediocrem
668 1072 825 1113 quoque
862 1072 906 1100 ac
940 1072 1012 1111 per
1043 1073 1084 1099 se
1114 1060 1368 1100 iustissimam
1399 1062 1661 1107 severitatem,
1725 1067 1738 1072 “

142 1141 219 1180 qua
250 1134 390 1168 contra
421 1128 604 1167 homines
634 1127 846 1167 sceleratos
876 1129 1129 1177 magistratus
1159 1117 1299 1179 aliquis
1328 1133 1474 1173 utatur,
1507 1128 1555 1167 ab
1575 1128 1664 1167 aliis

142 1207 382 1248 magnopere
413 1193 652 1247 reprehendi
674 1207 718 1234 ac
741 1195 970 1246 vituperari.
1022 1193 1169 1240 Quodsi
1188 1196 1346 1235 saevior
1376 1194 1551 1240 dixisset,
1584 1196 1661 1235 iam

143 1262 287 1315 aliquid
319 1263 459 1315 culpae
490 1264 759 1314 magistratum
792 1263 831 1301 in
863 1272 904 1300 se
934 1263 1180 1302 commisisse
1211 1262 1465 1308 concederet,
1498 1263 1537 1302 id
1558 1262 1661 1315 quod

144 1329 252 1370 nullo
289 1336 401 1382 pacto
439 1329 573 1369 dicere
605 1329 663 1368 vel
703 1329 784 1369 vult
819 1329 876 1368 vel
919 1335 1070 1380 potest:
1117 1341 1206 1369 nam
1244 1328 1496 1370 Catilinarios
1534 1335 1678 1370 morte-

144 1397 314 1437 multare
346 1398 506 1436 minime
537 1409 694 1436 saevum
727 1408 812 1434 esse
844 1398 928 1447 ipse
953 1397 1162 1447 profitetur
1193 1395 1232 1446 (ξ
1259 1394 1337 1447 17),
1371 1397 1437 1436 sed
1470 1398 1661 1436 severius.

147 1463 281 1516 ltaque
303 1463 405 1502 haud
427 1463 547 1503 dubie
575 1465 750 1503 severior
770 1465 967 1515 scriptura
990 1463 1217 1514 recipienda
1240 1468 1319 1508 est,
1352 1476 1373 1502 e
1403 1476 1478 1516 qua
1512 1463 1661 1515 (quam-

85 1522 88 1524 ’
142 1542 261 1582 quam
294 1530 367 1569 hoc
399 1530 524 1570 levius
554 1543 640 1569 esse
671 1529 830 1581 largior)
862 1529 1018 1569 facilius
1052 1532 1181 1569 sevior
1209 1531 1304 1569 oriri
1337 1535 1514 1581 poterat,
1544 1543 1661 1583 quam

142 1598 270 1637 sevior
298 1608 389 1636 cum
418 1599 592 1636 severior
630 1597 754 1636 forma
785 1597 942 1636 mutari.
1004 1596 1057 1635 De
1094 1595 1169 1636 hoc
1207 1601 1337 1636 autem
1375 1597 1461 1637 loco
1498 1596 1663 1638 uberius

142 1665 223 1703 dixi
265 1677 341 1704 non
381 1664 507 1704 solum
547 1677 625 1717 quo
671 1665 953 1716 praestantiam
996 1663 1089 1702 libri
1138 1665 1172 1702 V
1206 1664 1474 1709 ostenderem,
1513 1665 1580 1703 sed
1620 1670 1663 1703 ut

142 1730 261 1770 simul
302 1730 486 1770 docerem
527 1732 647 1771 nimis
683 1730 820 1770 sedulo
857 1730 1067 1770 Iordanum
1097 1729 1308 1783 aliquando
1337 1731 1521 1783 iustoque
1551 1732 1661 1783 cupi-

141 1799 230 1838 dius
260 1799 318 1837 vel
351 1799 566 1838 mediocris
597 1798 789 1837 bonitatis
819 1797 911 1837 iibri
943 1799 979 1836 Ρ
1010 1799 1252 1849 scripturam
1289 1800 1329 1837 in
1363 1798 1542 1838 ordinem
1574 1810 1660 1837 ver·

141 1864 281 1905 borum
313 1867 533 1917 recepisse:
565 1854 666 1918 quae
696 1866 797 1904 ratio
829 1877 920 1905 num
952 1864 1120 1905 consilio
1151 1863 1241 1904 libri
1271 1865 1306 1904 P
1331 1878 1449 1918 quam
1479 1865 1661 1911 constan-

139 1934 291 1973 tissime
322 1933 514 1984 sequendi
546 1934 641 1971 satis
671 1930 904 1978 excusetur,
935 1933 1133 1971 affirmare
1164 1944 1244 1971 non
1275 1934 1414 1972 ausim.

252 1999 353 2040 Huic
394 1998 487 2055 loco·
520 1999 649 2040 adicio
686 1998 713 2050 ξ
749 1996 823 2045 21,
865 1998 932 2039 ubi
969 1999 1036 2040 PC
1069 2000 1111 2039 in
1148 2001 1413 2052 sententiam,
1462 2000 1585 2042 VP1E
1619 2001 1660 2041 in

138 2069 349 2106 sententia
379 2066 580 2111 exhibent,
613 2078 739 2117 neque
770 2073 899 2105 tamen
932 2068 1141 2118 quisquam
1171 2068 1344 2112 monuit,
1376 2069 1408 2106 si
1440 2062 1599 2106 strenue
1622 2072 1661 2106 et

140 2133 388 2174 considerate
421 2132 538 2173 verba
570 2133 874 2179 examinaveris,
912 2136 954 2174 in
988 2135 1220 2174 sententiam
1257 2133 1356 2175 l'erri
1392 2136 1552 2175 omnino
1582 2146 1658 2175 non

140 2213 270 2252 posse.
321 2200 419 2239 Nam
452 2202 486 2239 si
518 2200 676 2239 Silanus
705 2200 746 2239 id
777 2213 932 2253 quoque
954 2201 1173 2245 statuisset,
1207 2202 1264 2240 uti
1285 2202 1397 2253 prius
1426 2200 1660 2241 verberibus

140 2269 180 2307 in
218 2267 471 2308 Catilinarios
507 2267 910 2313 animadverteretur,
950 2267 1022 2307 hoc
1059 2269 1188 2320 ipsum
1225 2269 1313 2307 eius
1348 2270 1543 2309 sententia
1582 2270 1658 2308 iam

140 2339 248 2374 esset
277 2333 609 2386 comprehensum
642 2333 698 2372 vel
731 2334 813 2385 ipsa
844 2335 978 2386 potius
1007 2336 1203 2375 sententia
1225 2335 1383 2375 luisset:
1417 2336 1548 2388 itaque
1568 2346 1658 2374 cum

140 2401 298 2442 Silanus
330 2402 416 2454 ipse
447 2400 547 2440 lianc
577 2413 752 2441 severam
774 2403 1012 2442 sententiam
1041 2402 1215 2448 tulisset,
1248 2403 1392 2442 Caesar
1411 2403 1658 2453 interrogare

139 2481 230 2509 eum
263 2480 341 2508 non
373 2468 520 2520 potuit,
553 2480 624 2507 cur
655 2467 823 2509 alterum
845 2482 923 2509 non
947 2469 1174 2510 addidisset.
1225 2471 1265 2510 in
1294 2471 1485 2510 sententia
1513 2475 1657 2515 autem,

140 2537 245 2589 quod
279 2536 497 2587 Herzogius
528 2536 635 2575 nullo
665 2543 898 2588 argumento
928 2537 1083 2577 adiecto
1114 2550 1163 2577 ne
1193 2538 1357 2577 latinum
1381 2537 1541 2590 quidem
1571 2548 1658 2579 esse

142 2604 276 2648 voluit,
310 2602 409 2644 nihil
431 2602 539 2642 aliud
560 2608 622 2641 est
651 2604 729 2642 nisi
760 2605 865 2643 ‘cum
896 2604 1135 2654 sententiam
1156 2603 1351 2654 diceres&
1402 2603 1507 2644 Haec
1526 2607 1657 2644 autem

140 2672 337 2722 scriptura
370 2682 460 2709 cum
491 2671 684 2709 maiorem
715 2670 986 2710 difficultatem
1026 2683 1144 2721 quam
1173 2670 1367 2711 librorum
1393 2671 1658 2723 plurimorum

104 2761 111 2766 -
139 2738 292 2790 primae
323 2736 460 2776 classis
490 2735 611 2775 verba
642 2736 835 2788 praebere
867 2737 1090 2782 videretur,
1131 2737 1254 2778 multo
1284 2738 1368 2777 veri
1398 2736 1570 2777 similius
1596 2740 1660 2785 >est

78 2794 80 2796 ¹
138 2806 179 2843 in
210 2803 276 2843 his
305 2802 418 2844 libris
448 2803 712 2844 difficiliorem
743 2810 783 2843 et
813 2806 1111 2856 exquisitiorem
1133 2805 1342 2859 lectionem
1372 2816 1461 2844 cum
1482 2802 1658 2844 faciliore
