1814 3042
152 210 263 268 ¹solus
296 203 457 255 Sallusti
494 221 654 260 manum
690 211 879 249 servavit:
926 211 1003 248 nisi
1049 211 1140 260 quis
1183 209 1286 250 forte
1332 211 1372 249 in
1412 208 1550 248 codiee
1586 207 1665 259 1³⁹)

147 273 369 330 quidquam
407 288 492 316 esse
523 275 616 316 fidei
644 277 853 329 putaverit.
922 275 1115 316 Omnibus
1144 277 1269 322 enim,
1311 287 1414 329 quae
1444 274 1543 316 mihi
1579 277 1668 328 qui-

96 343 244 398 v„silem
274 343 314 382 in
354 343 537 382 manibus
574 349 706 388 sunt,¹
724 345 764 382 in
795 341 1038 382 editionibus
1068 344 1172 395 quod
1204 344 1270 382 PC
1302 343 1466 383 tradunt
1502 343 1666 394 legitur.

82 443 105 470 3
145 408 372 454 novissume
416 411 575 450 rediens
611 410 826 451 Numantia
868 421 1005 460 meque
1045 421 1290 459 regnumque
1331 421 1459 450 meum
1496 411 1669 459 aleria

48 476 57 481 '
97 496 100 497 ⁷
151 477 493 532 'h‘onoravisti‚
529 476 569 514 id
599 476 702 528 quod
732 479 807 516 viri
839 477 944 514 docti
975 477 1070 514 satis
1100 476 1220 520 bene,
1261 477 1423 522 usitate,
1464 476 1668 528 eleganter

156 542 304 583 (lictum
329 554 415 583 esse
444 548 681 596 putaverunt
710 543 773 583 his
802 541 994 595 exemplis
1015 541 1225 595 adscriptis
1235 546 1255 582 ε’
1276 543 1358 583 Cat.
1382 541 1454 589 12,
1474 541 1503 583 4
1531 555 1667 584 verum

154 609 221 649 itti
246 610 414 649 delubra
441 611 607 648 deorum
629 611 796 659 pietate,
834 612 972 649 domos
997 620 1093 648 suas
1126 611 1299 658 qloria
1334 611 1665 655 decoraban13

0 665 17 687 ⁷
59 668 83 699 ⁷·
155 675 252 722 ibid.
282 672 357 722 35,
389 677 413 715 3
444 675 523 716 ποκ’
553 676 695 725 ἀίρηοε
730 678 903 716 homines
930 677 1116 715 honore
1151 676 1442 716 honestatos
1472 678 1664 717 videbam.

99 770 127 789 a
156 742 349 783 Neutrum
382 748 511 783 tamen
543 743 781 794 exemplum*
801 744 898 783 satis
935 748 1070 795 aptum
1102 755 1188 782 esse
1217 754 1355 792 omnes
1384 743 1531 794 fugisse
1561 743 1666 783 vide·

157 815 244 851 tur:
276 821 365 849 nam
397 809 502 849 aliud
534 815 593 850 est
623 809 855 855 ‘decorare’,
886 810 989 851 aliud
1021 810 1263 855 ‘honorare',
1296 809 1401 849 aliud
1422 816 1483 850 est
1503 809 1667 850 ‘honore

158 865 398 921 ltonestare’,
429 876 533 916 aliud
565 877 706 927 ‘gloria
737 877 970 923 honorare';
1001 876 1230 916 ‘honorare’
1252 878 1380 920 enim.
1412 877 1609 928 siquidem
1629 884 1669 916 et

157 944 327 983 lectione
368 955 455 982 mea
491 948 532 982 et
563 943 707 983 lexicis
743 945 837 984 satis
866 943 1063 983 confidere
1095 944 1206 987 licet,
1240 944 1364 994 magis
1394 933 1604 996 delinitam
1631 950 1670 983 et

133 1002 367 1062 'specialem
398 1012 633 1051 sententiam
665 1010 795 1056 habet,
827 1022 929 1063 quae
953 1009 1135 1049 omnibus
1166 1011 1250 1049 sere
1278 1009 1373 1049 locis
1404 1023 1481 1050 non
1502 1010 1667 1050 multum

157 1077 206 1117 ab
236 1077 300 1116 illo
328 1077 520 1117 sermonis
550 1079 676 1117 nostri
707 1079 813 1117 ‘eine
845 1077 946 1117 Ehre
978 1077 1184 1116 erweisen'
1215 1076 1345 1117 distat.
1397 1076 1509 1123 Quod
1540 1081 1668 1116 tamen

157 1156 353 1184 summum
384 1150 463 1189 est,
494 1144 616 1184 multo
646 1145 881 1196 exquisitius
910 1146 1108 1196 totiusque
1139 1144 1215 1184 loci
1245 1145 1465 1184 sententiae
1501 1145 1668 1196 (quippe

157 1223 257 1264 quae
286 1211 326 1249 in
357 1212 539 1257 summis,
577 1212 644 1251 sed
683 1212 740 1251 eis
777 1211 885 1251 salsis
918 1210 1101 1251 laudibus
1130 1210 1500 1263 adulationibusque
1530 1210 1669 1262 Iugur-

158 1278 248 1319 thae
279 1291 300 1318 a
331 1277 495 1330 Micipsa
516 1278 676 1320 tributis
703 1279 868 1331 constet)
900 1278 1023 1319 multo
1050 1280 1182 1331 aptius
1210 1284 1271 1319 est
1300 1278 1405 1331 quod
1447 1279 1481 1317 V
1506 1277 1671 1331 praebet

157 1356 346 1394 onerare,
380 1358 496 1398 quam
519 1358 659 1390 ⁴vocem
690 1346 857 1392 librarii,
889 1357 978 1385 eum
1011 1345 1068 1385 vel
1097 1344 1258 1398 mori⁴⁰)
1289 1347 1352 1385 sui
1382 1346 1573 1397 temporis
1602 1345 1669 1384 ad-

157 1412 309 1452 dendae
337 1413 363 1450 h
403 1412 557 1452 litterae
592 1412 863 1464 indulgerent,
902 1412 962 1452 vel
1000 1425 1125 1464 prope
1161 1414 1283 1464 positi
1319 1414 1452 1460 oloria
1489 1411 1668 1451 vocabuli

158 1480 320 1517 notione
350 1484 623 1525 moverentur,
658 1491 746 1519 cum
778 1480 977 1519 honorare
1006 1478 1127 1518 verbo
1158 1484 1417 1518 mutaverunt.
1475 1479 1672 1518 onerandi

158 1550 290 1585 autem
320 1544 504 1591 verbum,
543 1546 646 1599 quod
676 1546 791 1598 longe
829 1547 1064 1598 exquisitius
1101 1552 1161 1586 est
1189 1551 1230 1586 et
1258 1545 1476 1597 graviorem
1506 1549 1665 1585 senten-

157 1613 253 1652 tiam
269 1617 386 1665 atque
404 1614 700 1654 concinniorem
718 1613 862 1659 reddit,
884 1614 942 1653 sic
958 1614 1143 1665 usurpari
1159 1625 1205 1652 ex
1222 1612 1287 1652 his
1306 1612 1404 1652 locis
1418 1613 1668 1663 cognoscitur

158 1691 256 1731 quos
285 1680 494 1731 adscripsi:
525 1679 649 1720 Plaut.
682 1680 790 1733 Capt.
823 1680 890 1726 lv,
925 1679 974 1720 17
1007 1677 1131 1730 (774)
1169 1682 1224 1719 ita
1252 1681 1319 1719 hic
1346 1690 1408 1718 me
1436 1680 1668 1718 amoenitate

157 1756 324 1787 amoena
352 1757 538 1788 amoenus
566 1749 743 1788 oneravit
770 1747 871 1795 dies;
903 1746 1026 1788 Stich.
1057 1746 1118 1793 lv,
1153 1745 1188 1793 1,
1218 1743 1273 1786 27
1305 1743 1413 1798 (532)
1443 1756 1514 1786 nos
1541 1746 1669 1795 potius

158 1825 362 1854 oneremus
406 1821 554 1854 nosmet
596 1817 808 1855 vicissatim
854 1815 1131 1864 voluptatibus;
1183 1814 1264 1853 Liv.
1302 1813 1369 1857 1v,
1412 1811 1462 1852 13
1499 1824 1669 1852 onerare

91 1933 101 1936 ἒ
157 1873 263 1930 olqm
292 1882 498 1927 laudibus;
531 1882 582 1921 cf.
613 1882 694 1921 Liv.
716 1880 768 1924 X,
794 1880 856 1921 14.
896 1880 1048 1927 XXXV,
1082 1879 1154 1926 11;
1191 1880 1291 1920 Plin.
1323 1892 1383 1932 ep.
1417 1879 1454 1930 1,
1475 1877 1501 1919 8
1529 1885 1670 1919 onerat

97 1966 103 1968 -
157 1954 194 1987 te
221 1953 459 1997 quaesturae
488 1954 556 1988 tua
579 1948 712 1997 fama,
744 1954 884 1987 onerat
911 1950 1169 1988 testimonium
1195 1949 1404 1997 principis,
1437 1952 1577 1986 onerat
1596 1949 1665 1987 tri-

158 2016 346 2061 bunatum
386 2015 461 2060 111,
491 2013 518 2056 3
548 2021 648 2055 extr.
665 2017 709 2055 *a
746 2021 785 2056 te
815 2010 956 2065 meque
991 2016 1230 2064 monebitur,
1263 2016 1403 2065 quibus
1431 2015 1670 2064 imaqinilms

157 2087 355 2133 oneretur,
387 2093 491 2132 quae
519 2084 678 2122 nomina
707 2087 746 2123 et
773 2090 922 2132 quanta
940 2084 1143 2123 sustineat.
1194 2075 1301 2122 Adde
1322 2082 1449 2134 ipsius
1469 2080 1561 2121 Sall.
1583 2080 1663 2132 lug.

162 2146 225 2195 12,
256 2147 283 2189 3
309 2150 514 2198 promissis
543 2155 684 2189 onerat
713 2151 963 2200 impellitque.

271 2214 373 2262 Quot
403 2215 528 2256 honae
559 2218 780 2268 scripturae
811 2229 859 2256 ex
899 2218 935 2255 V
959 2218 1040 2268 peti
1065 2217 1244 2268 possint,
1276 2216 1391 2254 etiam
1422 2215 1553 2267 paullo
1583 2221 1671 2267 post

92 2298 97 2299 ⁷
162 2280 232 2328 14,
268 2281 287 2322 l
320 2288 504 2335 apparet,
547 2283 614 2324 ubi
651 2296 740 2324 cum
770 2286 811 2324 iu
841 2284 1008 2336 reliquis
1036 2282 1151 2323 libris
1180 2281 1364 2323 omnibus
1394 2281 1453 2321 vel
1490 2284 1532 2322 in
1568 2282 1669 2330 adfi-

159 2351 266 2390 nium
296 2352 422 2391 locum
454 2351 512 2390 vel
542 2353 583 2391 in
613 2352 804 2399 adfinium
833 2353 917 2391 loco
945 2351 1119 2402 legatur,
1168 2352 1204 2390 V
1230 2349 1337 2390 solus
1366 2350 1557 2398 adfinium
1585 2351 1670 2389 loco

159 2416 333 2458 exhibet.
373 2417 497 2464 Quam
517 2419 754 2471 scripturam
774 2430 864 2459 cum
886 2430 1023 2459 omnes
1044 2424 1201 2469 praeter
1221 2417 1475 2458 Gerlachium
1495 2417 1668 2456 editores

159 2479 402 2534 germanam
422 2485 703 2532 iudicaverint,
749 2497 1083 2538 supervacaneum
1125 2498 1210 2525 esse
1255 2490 1349 2536 puto
1386 2483 1567 2537 pluribus
1604 2495 1668 2523 ex-

158 2549 321 2601 plicare,
353 2565 425 2592 cur
455 2565 541 2592 eam
571 2552 672 2592 infra
703 2554 744 2592 in
775 2565 941 2592 numero
971 2553 1147 2592 locorum
1178 2565 1199 2591 a
1241 2553 1276 2591 V
1297 2557 1406 2591 recte
1437 2551 1667 2590 traditorum

248 2662 305 2702 39)
331 2668 344 2694 c
368 2667 425 2696 est
446 2664 579 2698 codicis
602 2665 811 2698 Turicensis
835 2675 960 2697 manus
984 2665 1173 2707 posterior.

248 2716 306 2758 40)
329 2717 421 2751 Vide
437 2718 614 2752 Dietschii
637 2719 694 2752 ed.
722 2721 808 2753 1859
825 2718 1019 2753 Comment.
1051 2730 1128 2762 cap.
1148 2720 1166 2752 I
1190 2729 1222 2762 p.
1241 2720 1271 2752 3.
1319 2717 1372 2753 Cf.
1400 2717 1479 2750 Cat.
1496 2719 1517 2749 2
1540 2717 1668 2756 honeri,

159 2768 236 2804 Cat.
260 2774 281 2805 3
308 2773 579 2818 nichilhominus,
607 2775 656 2809 ib.
687 2777 708 2809 6
737 2776 969 2819 &horiginem
1000 2777 1047 2811 ib.
1071 2777 1113 2809 25
1143 2776 1274 2810 inker-at
1304 2773 1363 2818 (in
1392 2774 1468 2808 cod.
1494 2774 1561 2815 P);
1590 2774 1669 2818 lug.

158 2827 216 2866 85,
240 2828 261 2860 5
284 2829 456 2872 hor-apro
481 2842 544 2864 ora
567 2832 605 2865 in
629 2832 705 2866 cod.
729 2833 785 2866 Pl.

1612 59 1803 138 25³'‘
