1814 3042
1633 92 1660 138 9

89 233 94 239 ·
146 213 233 268 ipse
254 213 530 263 concessit¹⁵),
562 201 829 264 concedetq'ue
854 214 1013 264 opinor,
1038 212 1295 264 disputationi
1320 216 1476 250 nostrae
1496 221 1568 261 pro
1597 222 1658 249 ar-

113 295 116 301 ·
147 285 352 336 gumentis
372 279 554 323 adhiberi
575 279 641 321 illa
661 281 822 321 omnino
843 293 921 321 non
943 279 1145 320 debuisse:
1179 279 1343 320 multum
1366 283 1497 319 autem
1519 283 1659 330 quarto

148 347 229 399 cat.
260 347 330 396 52,
361 347 416 389 35
446 346 598 392 tribuit,
632 342 709 397 quo
739 347 827 387 loco
869 348 904 386 V
928 347 1034 386 solus
1063 349 1171 386 intra
1190 348 1346 386 moenia
1367 350 1488 395 atque
1507 347 1549 385 in
1567 347 1659 385 sinu

84 433 86 435 ’
143 422 240 458 ‘sunt
267 418 393 456 hostes
422 414 598 467 praebet,
631 417 670 454 in
701 415 869 467 reliquis
899 414 1083 454 omnibus
1113 417 1153 453 in
1181 415 1270 454 sinu
1290 414 1398 453 urbis
1417 418 1512 453 sunt
1528 414 1660 453 hostes

147 485 305 536 legitur.
364 481 446 529 Qua
478 483 515 521 in
548 481 704 521 Iordani
735 482 1001 533 disputatione
1038 481 1114 520 hoc
1153 479 1389 532 magnopere
1420 479 1658 520 laudandum

148 558 227 598 est,
253 550 354 604 quod
383 555 422 589 et
453 547 674 601 Linkeriffl)
705 551 991 594 coniecturam.
1017 550 1194 600 quamvis
1219 561 1398 599 sagacem
1421 554 1460 587 et
1482 547 1657 600 profecto

147 619 387 672 speciosam,
427 622 467 656 et
495 614 701 668 Hertzii¹⁷)
742 618 978 657 sententiam
1016 617 1178 662 reiecit;
1215 615 1263 655 ab
1301 617 1359 655 eis
1398 620 1526 655 autem
1558 626 1658 668 quae

148 688 233 738 ipse
263 684 428 737 protulit
457 696 621 735 prorsus
651 684 852 723 dissentio,
914 684 968 723 Ac
997 684 1166 735 primum
1198 682 1370 734 quidem,
1403 688 1445 721 ut
1465 682 1656 722 conceda-

149 764 236 792 mus
266 750 495 790 Sallustium
526 753 568 790 in
596 752 687 790 sinu
716 751 824 790 urbis
852 751 1078 803 scripsisse,
1121 751 1264 789 mirum
1304 761 1389 789 esse
1424 749 1520 788 mihi
1550 748 1656 805 vide-

148 824 234 863 tur,
275 819 306 856 si
345 819 434 869 quis
473 819 514 857 in
553 818 694 857 omissa
734 819 842 857 urbis
878 830 971 857 voce
1003 818 1209 867 vestigium
1241 816 1391 855 consilii
1420 815 1545 856 libros
1574 816 1655 855 Sal-

149 885 339 926 lustianos
369 883 416 924 ad
447 883 655 924 arbitrium
687 883 918 925 restituendi
950 889 990 924 et
1020 884 1247 935 corrigendi
1273 882 1514 936 deprehendi
1544 887 1654 935 puta-

149 955 268 992 verit:
308 965 399 991 narn
439 953 513 991 hoc
543 954 722 1003 profecto
753 952 858 991 nullo
897 957 1075 1003 tempore
1113 952 1269 990 illorum
1309 953 1655 1002 grammaticorum

149 1020 242 1065 fuit,
289 1018 381 1069 quid
426 1019 594 1059 sortasse
639 1019 765 1059 omitti
806 1020 982 1071 potuerit
1018 1030 1211 1071 quaerere
1250 1023 1290 1057 et
1329 1009 1481 1062 del'ere3
1530 1028 1655 1070 neque

148 1088 308 1127 omnino
340 1086 459 1126 credo
490 1086 548 1126 vel
579 1088 708 1138 ipsum
739 1085 848 1125 illum
879 1088 1197 1136 grammaticum,
1229 1087 1342 1125 cuius
1372 1085 1655 1136 propemodum

149 1153 318 1204 effigiem
342 1151 532 1192 Iordanus
563 1151 678 1191 nobis
707 1157 797 1192 ante
828 1151 962 1192 oculos
993 1153 1142 1204 posuit,
1174 1153 1207 1191 si
1238 1153 1279 1192 in
1308 1154 1398 1191 sinu
1427 1151 1536 1191 urbis
1564 1163 1654 1204 pro-

149 1221 270 1260 ditum
302 1220 478 1270 legisset,
519 1220 752 1259 emendandi
790 1220 920 1258 studio
956 1222 1063 1259 urbis
1094 1233 1228 1259 vocem
1259 1220 1481 1258 deleturum
1511 1220 1652 1258 fuisse:

149 1289 210 1325 sin
255 1287 344 1338 quis
386 1288 495 1326 urbis
540 1285 769 1326 vocabulum
813 1287 1080 1325 necessarium
1122 1287 1339 1338 putaverit,
1384 1297 1460 1324 non
1503 1287 1537 1324 ei
1579 1286 1655 1325 erit

149 1354 195 1392 ad
236 1359 313 1392 tam
354 1352 605 1393 artificiosam
645 1353 946 1404 explicationem
985 1353 1310 1403 confugiendum,
1348 1352 1418 1392 sed
1454 1354 1540 1392 sine
1578 1353 1653 1392 ulla

148 1425 190 1460 ut
225 1419 365 1472 opinor
410 1419 625 1460 offensione
662 1418 954 1471 simplicissime
1000 1419 1211 1460 dicendum
1249 1431 1386 1460 errore
1423 1418 1577 1460 librarii
1617 1425 1656 1459 et

146 1487 394 1537 neglegentia
425 1486 526 1525 banc
558 1499 692 1526 vocem
722 1488 762 1525 in
802 1488 836 1526 V
864 1486 1125 1525 intercidisse.
1177 1486 1311 1537 Neque
1333 1493 1462 1525 tamen
1493 1488 1550 1524 sic
1580 1496 1654 1534 ego

147 1553 367 1594 statuerim:
401 1565 488 1593 nam
520 1554 578 1594 eis
607 1554 739 1606 potius
770 1553 963 1593 assentior
1001 1555 1067 1606 qui
1099 1554 1207 1593 urbis
1236 1565 1370 1592 vocem
1400 1565 1563 1605 prorsus
1590 1565 1655 1592 su-

146 1612 428 1672 pervacaneam
475 1626 514 1659 et
550 1620 773 1673 explicandi
807 1620 949 1660 —studio
989 1620 1222 1672 adscriptam
1261 1626 1411 1672 putant.
1478 1619 1653 1666 Quorum

147 1699 303 1727 causam
334 1692 413 1726 tam
444 1686 545 1726 bene
576 1687 750 1727 defendit
778 1685 1070 1740 Dietschiusffl),
1104 1694 1146 1726 ut
1174 1692 1209 1726 et
1240 1687 1379 1726 inutile
1407 1692 1445 1726 et
1464 1686 1653 1726 immode-
1683 1676 1687 1680 ’

146 1759 248 1794 stum
285 1756 349 1802 sit„
369 1755 471 1794 hanc
500 1756 770 1806 quaestionem
799 1761 1032 1800 retractare,
1071 1768 1170 1806 quae
1205 1756 1334 1806 aptius
1367 1755 1555 1807 explicari
1592 1756 1651 1793 vix

145 1822 306 1871 poterit.
358 1821 457 1860 Sunt
479 1825 609 1860 autem
630 1823 785 1860 moenia
808 1821 904 1860 nihil
927 1821 1033 1860 aliud
1055 1822 1134 1860 nisi
1157 1822 1272 1869 urbs,
1304 1833 1420 1873 quem
1451 1833 1564 1860 usum
1586 1833 1652 1860 ex-

147 1886 289 1937 emplis
317 1888 545 1927 confirmem
569 1889 631 1926 vix
653 1900 814 1927 necesse
834 1894 906 1928 est.
956 1888 1082 1927 Pauca
1111 1893 1263 1927 tantum
1285 1887 1503 1939 adscripsi:
1537 1887 1651 1938 Verg.

145 1954 240 1992 Aen.
274 1953 326 1999 ΙΙ,
357 1951 441 1993 252
471 1954 563 2001 fusi
580 1965 661 2003 per
694 1957 850 1994 moenia
887 1954 1030 2001 Teucri
1063 1957 1310 2000 conticuere;
1350 1955 1440 1994 Aen.
1472 1954 1539 1998 VI,
1571 1950 1654 1993 549

144 2022 298 2059 moenia
326 2022 414 2058 lata
441 2022 546 2060 videt
573 2021 724 2069 triplici
741 2023 993 2061 circumdata
1014 2032 1148 2065 murm
1182 2021 1328 2060 Vitruv.
1354 2020 1449 2068 Vlli,
1470 2019 1498 2060 4
1528 2020 1654 2059 Zama

236 2163 291 2206 15)
317 2165 444 2207 Itaque
469 2176 547 2198 cum
571 2166 749 2200 Iordanus
774 2177 807 2210 p.
824 2167 890 2200 235
913 2166 981 2200 hoc
1005 2167 1126 2200 fassus
1149 2171 1256 2209 esset,
1281 2167 1411 2200 nollem
1435 2177 1513 2199 eum
1537 2177 1570 2210 p,
1589 2168 1655 2200 236

145 2221 198 2254 sic
221 2221 436 2262 perrexisse:
463 2225 555 2254 ‘cum
579 2222 650 2254 iam
674 2222 916 2265 compluribus
940 2224 1030 2257 locis
1054 2223 1267 2256 Vaticanum
1294 2223 1653 2263 condemnaverimus‚

144 2275 255 2307 etiam
279 2275 347 2307 hoc
370 2276 448 2308 loco
473 2276 565 2317 (Cat.
584 2278 637 2314 52,
656 2276 714 2318 35)
738 2287 857 2310 veram
881 2278 1094 2320 scripturam
1118 2289 1190 2310 non
1213 2278 1352 2310 habet’:
1376 2278 1463 2310 haec
1486 2279 1589 2317 enim,
1613 2281 1655 2309 ut.

144 2329 259 2364 dicam
284 2330 378 2373 quod
402 2331 531 2374 sentio,
557 2333 685 2375 petitio
711 2343 800 2375 quae
825 2333 957 2367 dicitur
981 2334 1149 2377 principii
1172 2345 1249 2369 esse
1274 2334 1361 2367 mihi
1378 2332 1517 2366 videtur
1541 2344 1651 2375 eaque

77 2394 84 2400 ’
143 2390 230 2417 nata
253 2396 297 2419 ex
321 2387 569 2429 praeiudicata
593 2388 635 2420 de
658 2388 826 2421 inferiore
848 2388 931 2421 libri
959 2391 994 2421 V
1015 2391 1134 2431 pretio
1160 2391 1338 2432 opinione.

234 2441 289 2483 16)
317 2442 621 2477 Emendationum
646 2443 945 2478 Sallustianamm
969 2454 1011 2477 ex
1043 2446 1133 2478 actis
1161 2445 1263 2480 acad.
1288 2445 1488 2479 Vindobon.
1514 2455 1545 2477 a.
1569 2443 1653 2477 1855

144 2506 304 2531 seorsum
328 2498 501 2532 editarum
526 2511 559 2542 p.
586 2501 746 2533 18—20:
778 2500 940 2533 ‘Catilina
969 2512 1039 2533 cum
1070 2504 1226 2534 exercitu
1255 2503 1289 2534 in
1313 2502 1467 2542 faucibus
1490 2500 1653 2532 Etruriae

144 2555 224 2593 0917,
248 2554 309 2585 aliz·
330 2554 424 2586 intra
440 2557 569 2588 moenia
584 2560 685 2598 atque
709 2557 742 2587 in
765 2561 885 2588 senata
906 2561 984 2588 sunt
1001 2556 1141 2589 hostes’.
1181 2555 1239 2600 (In
1264 2558 1382 2589 Herm.
1409 2555 1475 2587 vol.
1495 2556 1512 2588 1
1536 2565 1569 2596 p.
1588 2555 1653 2587 236

142 2616 238 2641 mero
261 2618 392 2654 errore,
418 2614 459 2644 ut
482 2611 695 2645 ex·Iordani
717 2611 834 2655 ipsius
859 2612 1106 2655 disputatione
1130 2618 1301 2656 apparet,
1328 2613 1423 2655 typis
1448 2621 1658 2653 expressum

142 2666 198 2695 est
221 2664 416 2697 Linkerum
439 2665 632 2708 scripsisse
657 2668 708 2702 ‘G.
734 2678 806 2699 eum
830 2669 984 2700 exercitu
1008 2671 1042 2700 in
1063 2669 1218 2709 faucibus
1242 2669 1404 2700 Etruriae
1429 2665 1565 2707 uryet'.)

234 2716 290 2761 1⁷)
312 2718 444 2755 Philol.
470 2721 542 2755 vol.
565 2721 636 2755 XII
659 2733 693 2766 p.
713 2724 795 2757 378:
824 2722 985 2757 ‘Catilina
1014 2734 1084 2757 cum
1108 2724 1262 2757 exercitu
1283 2723 1435 2766 faucibus
1460 2726 1566 2764 uryet,
1594 2723 1657 2755 alii

141 2775 176 2804 in
198 2775 273 2806 sinu
295 2780 372 2808 sunt
395 2777 534 2810 kostes’.

234 2828 290 2870 18)
315 2828 552 2866 Commentat.
578 2843 656 2877 cap.
681 2833 732 2867 IV
755 2845 788 2877 p.
814 2835 857 2868 69
883 2845 935 2878 sq.
961 2834 1014 2870 ed.
1041 2846 1072 2868 a.
1102 2836 1197 2869 1859.
