1814 3042
0 218 264 266 batam
292 196 456 260 diierit‚
495 213 818 267 respondendum
856 218 917 253 est
952 215 1006 253 ita
1044 214 1206 253 omnino
1241 212 1363 253 ullam
1402 214 1443 252 in
1473 212 1548 252 boc
1578 222 1647 263 ge-

13 276 48 294 ”’
107 286 228 327 inere
256 284 385 338 legem
415 294 466 323 ne
495 293 542 322 ex
580 282 703 323 altera
747 280 906 334 quidem
943 286 1054 333 parte
1085 281 1271 321 constitui
1300 280 1497 331 potuisse,
1528 279 1648 319 huius

89 396 93 400 Α
131 353 298 397 πιθα).
326 362 428 402 quae
463 349 677 401 particulas
713 351 920 401 respiciat.
960 349 1165 387 veritatem
1202 360 1249 387 ex
1286 348 1369 399 ipsa
1407 358 1542 386 earum
1581 357 1650 385 na-

125 425 241 473 tura
263 423 468 471 apparere.
538 415 700 456 Accedit
744 416 916 468 denique
961 416 1076 456 testis
1111 414 1444 467 locupletissimus
1486 413 1648 453 Servius

130 483 376 526 Cassellanus
406 482 454 522 ad
475 482 591 533 Verg.
615 482 756 533 Georg.
779 483 808 529 1,
835 480 932 527 260,
963 483 1054 533 qui,
1086 483 1226 520 utiam
1245 481 1482 521 Leutschius
1511 481 1537 519 l.
1561 492 1592 519 s.
1615 492 1646 519 s.
1691 533 1705 541 ,

0 586 10 593 „
67 553 90 570 ’·
129 552 337 594 verissime
376 550 551 594 monuit,
595 561 642 588 eo
680 549 809 602 pluris
837 548 1046 590 habendus
1084 554 1164 596 est,
1200 548 1303 601 quod
1334 547 1498 599 Vergilii
1526 546 1647 588 verba

129 620 228 658 haec
256 621 368 657 sunt:
407 617 544 655 Multa
576 616 610 664 f
610 622 753 656 orent
786 627 891 666 quae
926 627 1022 656 mox
1058 618 1170 655 caelo
1195 615 1458 665 properanda
1486 625 1645 660 seren03

130 686 172 725 in
210 681 373 734 Vergilii
411 682 531 733 igitur
568 683 743 723 carmine
781 695 971 723 numerus
1018 681 1180 734 pluralis
1216 681 1441 733 legebatur,
1487 681 1647 721 Servius

130 756 272 796 autem,
304 749 499 789 ut'locum
520 749 799 790 Sallustianum
819 749 1045 802 explicaret,
1076 754 1174 790 esset
1195 749 1349 794 adiecit,
1372 748 1476 800 quod
1497 760 1645 801 nequa-

17 846 19 848 .
79 850 84 854 .
128 827 250 870 quam
280 816 458 856 facturus
486 817 645 862 suisset,
679 817 711 856 si
742 818 969 857 memoriter
998 817 1058 856 vel
1085 816 1224 857 leviter
1257 814 1373 856 v‘erba
1409 814 1644 855 Sallustiana

130 884 309 928 afferret,
355 882 424 921 sed
470 882 554 934 ipse
598 894 755 935 quoque
799 895 963 923 numero
1010 883 1154 935 plurali
1199 895 1295 923 usus
1336 886 1455 921 esset,
1521 880 1647 927 Quam

130 954 262 1001 autem
292 960 409 1000 saepe
438 949 476 988 in
507 949 620 989 libris
649 962 838 990 numerus
867 949 1076 1001 singularis
1107 956 1146 990 et
1174 948 1335 1002 pluralis
1364 950 1466 1006 inter
1491 961 1533 988 se
1553 960 1644 1000 per·

132 1020 355 1059 mutentur,
387 1015 522 1055 multis
553 1016 742 1068 exemplis
772 1016 905 1056 docuit
935 1017 1133 1057 Brentano
1164 1029 1201 1068 p.
1237 1013 1301 1055 16.

241 1082 352 1123 Alter
374 1082 488 1123 huius
509 1083 645 1135 capitis
664 1083 793 1128 locus,
816 1085 855 1122 in
879 1095 956 1135 quo
976 1083 1068 1123 libri
1098 1085 1131 1122 V
1151 1084 1362 1123 auctoritas
1383 1082 1507 1134 pluris
1528 1094 1644 1134 quam

129 1149 282 1202 primae
317 1150 485 1190 familiae
523 1149 716 1190 librorum
748 1150 927 1191 habenda
966 1156 1044 1202 est,
1083 1150 1109 1201 ξ
1140 1148 1166 1190 6
1197 1150 1357 1201 legitur,
1399 1149 1468 1189 ubi
1506 1151 1541 1189 V
1569 1151 1648 1189 nisi

130 1221 278 1257 nosmet
304 1218 406 1266 ipsi
431 1217 677 1256 vindicamus
706 1219 747 1256 in
775 1217 1015 1267 libertatem,
1047 1218 1190 1269 reliqui
1219 1229 1356 1257 omnes
1386 1219 1492 1267 ipsos
1520 1217 1643 1268 scrip·

130 1288 214 1324 tum
243 1282 444 1323 exhibent.
496 1283 551 1323 De
580 1296 657 1336 quo
687 1284 792 1329 loco,
824 1285 914 1336 quia
935 1285 1173 1336 praestantia
1193 1284 1402 1325 vaticanae
1424 1285 1645 1335 scripturae

129 1351 193 1389 vix
229 1349 348 1392 dubia
385 1356 464 1396 est,
503 1352 661 1390 omnino
700 1362 778 1390 non
821 1362 946 1390 essem
986 1351 1274 1403 disputaturus,
1314 1353 1390 1391 nisi
1430 1347 1642 1401 Kviealaw)

131 1417 263 1457 multis
292 1429 368 1469 pro
398 1416 488 1458 libri
508 1415 596 1469 10²⁷)
629 1423 668 1458 et
689 1423 912 1458 ceterorum
934 1418 1129 1470 scriptura
1150 1419 1324 1459 dixisset.
1376 1417 1475 1457 lllud
1498 1423 1642 1462 autem,

131 1483 236 1535 quod
261 1485 339 1524 veri
361 1485 487 1523 simile
508 1496 593 1524 esse
624 1490 752 1536 negat,
784 1486 817 1523 si
846 1486 924 1535 ipsi
952 1497 1024 1524 vox
1055 1497 1074 1524 a
1107 1485 1289 1525 Sallustio
1319 1484 1495 1537 prosecta
1526 1489 1641 1528 esset,

129 1550 235 1601 ipsos
272 1562 344 1601 pro
380 1554 460 1600 ipsc·
495 1552 534 1589 in
572 1551 784 1591 verborum
821 1552 1001 1591 ordinem
1039 1554 1217 1603 irrepere
1255 1553 1453 1603 potuisse,
1493 1553 1642 1590 utiam

129 1618 293 1656 missum
325 1618 513 1657 faciamus
543 1616 645 1666 (nam
677 1617 717 1656 id
748 1617 861 1658 nihili
891 1630 978 1657 esse
1008 1618 1133 1669 quivis
1163 1618 1300 1669 videt),
1341 1630 1389 1656 ne
1427 1618 1642 1656 sententiae

130 1683 290 1735 quidem
310 1683 425 1724 huius
445 1684 521 1724 loci
541 1687 646 1734 ipsos
666 1686 911 1725 accusativus
938 1690 1051 1736 aptus
1072 1690 1148 1724 est:
1181 1697 1270 1724 nam
1303 1684 1430 1723 verbis
1458 1691 1644 1724 nosmet

129 1750 264 1801 ipsos
292 1751 537 1791 vindicamus
565 1752 607 1790 in
642 1752 864 1791 libertatem
894 1752 1132 1791 contrarium
1164 1756 1224 1791 est
1253 1753 1327 1791 ali
1337 1762 1386 1791 os
1425 1749 1640 1790 vindicasse

128 1817 169 1856 in
198 1817 442 1864 libertatem,
482 1831 609 1871 neque
639 1831 731 1858 vero
762 1819 878 1871 illud,
918 1819 1022 1870 quod
1060 1819 1218 1858 Kvicala
1256 1819 1462 1870 proposuit
1492 1820 1639 1870 ‘usque

129 1883 178 1923 ad
206 1884 281 1924 hoc
301 1889 457 1937 tempus
486 1885 583 1925 alios
610 1887 679 1930 eis,
711 1896 810 1936 quae
841 1887 988 1925 iniuria
1013 1890 1123 1937 parta
1154 1884 1363 1931 habebant,
1396 1885 1473 1925 frui
1503 1887 1638 1937 quiete

129 1952 233 2002 passi
271 1954 402 1992 estis'.
462 1952 572 1998 Quod
610 1957 739 1992 tamen
785 1954 1060 2003 gravissimum
1106 1958 1183 1997 est,
1230 1957 1423 2004 repugnat
1460 1952 1639 1991 Kvicalae

131 2017 542 2068 explicatiosermoni
574 2031 652 2059 non
684 2018 809 2059 solum
832 2019 1079 2063 Sallustiano,
1111 2019 1179 2058 sed
1201 2021 1379 2059 omnium
1400 2020 1638 2070 scriptorum

127 2083 352 2124 latinorum.
411 2085 480 2125 Est
500 2088 606 2126 enim
627 2086 874 2126 notissimum
904 2087 942 2124 in
974 2085 1040 2125 tali
1070 2097 1217 2136 genere
1246 2086 1319 2125 hos
1346 2087 1547 2126 rarissime
1567 2098 1642 2125 nec

130 2151 216 2189 sinc
245 2163 362 2191 causa
394 2153 646 2203 gravissima,
678 2163 793 2204 quam
822 2152 888 2191 hic
919 2153 1065 2191 nullam
1087 2165 1172 2191 esse
1194 2153 1309 2192 modo
1337 2152 1527 2198 vidimus,
1559 2154 1641 2202 ipse

127 2219 376 2275 pronominis
397 2230 491 2258 casu
512 2219 673 2271 obliquo
695 2231 786 2258 usos
807 2230 907 2264 esse,
929 2231 1045 2271 quam
1067 2219 1393 2259 consuetudinem
1414 2219 1639 2258 Sallustium

129 2273 285 2336 quoque
315 2287 427 2338 sequi
457 2285 521 2326 his
542 2286 732 2338 exemplis
752 2286 957 2327 docemur:
994 2286 1075 2326 fat.
1099 2284 1172 2332 31,
1199 2286 1233 2325 1.
1264 2284 1339 2332 52,
1361 2284 1400 2325 2.
1433 2286 1515 2336 lug.
1537 2284 1576 2331 6,
1604 2285 1639 2325 1.

132 2346 204 2395 14,
233 2348 274 2390 4.
309 2349 380 2398 18,
413 2351 451 2391 7.
488 2350 564 2402 41,
597 2350 636 2392 9.
672 2350 747 2397 58.
779 2351 817 2392 6.
858 2350 932 2399 62,
964 2351 1003 2392 9.
1043 2350 1116 2399 85,
1148 2351 1215 2393 31.
1259 2351 1356 2398 113,
1391 2353 1425 2392 1.
1470 2351 1566 2397 113,
1597 2351 1637 2392 3.

127 2413 229 2455 Hist.
259 2416 331 2463 ΙΙΙ,
363 2417 436 2464 61,
468 2417 507 2459 6.

239 2481 296 2522 Ita
323 2482 350 2534 ἓ
374 2482 426 2524 10
455 2498 611 2538 quoque
640 2488 682 2525 in
701 2496 823 2525 manu
844 2487 950 2526 vobis
974 2492 1033 2526 est
1061 2485 1154 2526 libri
1185 2487 1221 2526 V
1245 2486 1480 2538 scripturam
1502 2491 1636 2524 contra

127 2546 196 2587 PG
222 2552 497 2593 auctoritatem
534 2555 789 2606 omniumque
828 2553 1019 2593 editorum
1059 2554 1292 2594 sententiam
1328 2553 1412 2605 ipse
1450 2552 1638 2592 Iordanus

217 2659 277 2701 26)
299 2660 338 2694 in
360 2662 489 2705 Dium.
513 2674 674 2708 gymnas.
699 2664 822 2700 Austr.
847 2674 879 2697 a.
906 2664 992 2698 1863
1017 2669 1102 2702 tom.
1126 2665 1214 2699 XIV
1237 2675 1271 2708 p.
1292 2666 1369 2698 604.

217 2715 277 2755 2⁷)
299 2715 412 2750 Miror
438 2721 534 2762 quod
557 2720 617 2754 hic
631 2716 698 2754 ‘vir
721 2721 848 2754 doctus
872 2720 968 2753 falso
991 2721 1079 2753 dicit
1102 2723 1170 2763 ipsi
1191 2722 1229 2753 in
1253 2721 1353 2753 libris
1383 2721 1418 2751 V
1438 2723 1475 2752 et
1498 2720 1532 2752 P
1552 2719 1635 2761 legi,

129 2777 209 2800 cum
238 2779 283 2802 ex
319 2771 500 2807 Dietschii
535 2779 572 2809 et
602 2776 753 2809 Linkeri
789 2775 1029 2819 editionibus,
1067 2786 1158 2820 quae
1193 2786 1276 2809 vera
1311 2776 1489 2818 scriptura
1525 2779 1634 2817 esset,

128 2832 342 2865 cognoscere
365 2831 539 2871 potuerit.

1592 61 1668 141 15,
1703 113 1706 115 Δ
1736 64 1756 108 Ῠ
1798 61 1807 65 -
