1814 3042
257 635 417 674 Sallusti
447 633 665 672 editionem
696 634 875 684 perfecto
915 632 1172 684 absolutoque
1203 639 1394 684 apparatu
1423 635 1563 673 critico
1594 635 1654 672 in-

135 706 354 750 structam,
394 700 524 752 qualis
560 699 608 739 ab
647 699 835 739 omnibus
879 712 1049 752 quorum
1094 702 1136 739 in
1173 700 1248 739 hac
1286 712 1328 739 re
1368 700 1555 740 iudicium
1595 706 1656 740 est

112 820 116 821 ⁷
143 769 387 821 requiritur,
419 769 645 808 etiamnunc
675 767 895 807 desiderari
924 768 1029 807 inter
1059 768 1165 806 viros
1190 767 1326 807 doctos
1346 767 1549 817 constat¹).
1598 767 1654 806 Ex

144 848 220 887 qua
250 836 381 887 inopia
404 834 522 874 etiam
543 829 618 874 hoc
639 835 833 886 sequitur,
865 841 926 880 ut,
958 846 1058 886 quae
1086 835 1188 873 ratio
1209 835 1316 874 inter
1336 834 1512 885 singulos
1531 834 1655 874 libros

143 914 261 942 manu
286 903 453 954 scriptos
476 902 713 948 intercedat,
739 901 853 954 plane
877 900 1088 942 diiudicari
1113 901 1286 942 nondum
1316 900 1453 954 possitL
1509 900 1653 947 Quam-

143 983 260 1023 quam
291 971 455 1009 minime
487 969 695 1009 abnuerim
726 981 874 1013 omnes,
907 971 974 1021 qui
1004 971 1045 1008 in
1076 968 1193 1008 libris
1214 969 1458 1009 Sallustianis
1478 969 1656 1021 legendis

144 1037 385 1089 explicandis
406 1036 661 1076 emendandis
681 1042 902 1082 versantur,
925 1044 1117 1076 summam
1134 1037 1299 1087 gratiam
1317 1036 1464 1076 debere
1482 1036 1655 1076 Henrico

144 1104 376 1150 Iordane,
409 1105 477 1156 qui
509 1103 668 1143 Sallusti
700 1104 903 1152 Catilinae,
937 1103 1160 1154 Iugurthae,
1194 1105 1414 1143 orationum
1446 1109 1484 1143 et
1506 1104 1654 1154 epistu-

120 1172 281 1218 larum
302 1183 350 1210 ex
380 1170 560 1210 historiis
591 1176 864 1223 excerptarum
896 1171 1179 1210 nitidissimum
1209 1171 1409 1222 exemplar
1428 1183 1529 1210 anno
1561 1170 1599 1209 h.
1622 1183 1652 1209 s.

143 1239 386 1289 sexagesimo
425 1242 533 1276 sexto
571 1237 731 1289 prodire
770 1239 895 1277 iussit.
963 1237 1042 1276 Nec
1078 1236 1302 1276 mehercule
1340 1239 1510 1276 reticere
1549 1249 1654 1276 nunc

143 1315 323 1355 possum,
356 1316 516 1356 sperare
547 1316 608 1343 me
639 1305 725 1344 sore
758 1309 817 1349 ut,
857 1316 972 1356 quam
1002 1304 1175 1355 primum
1205 1304 1290 1343 fieri
1324 1305 1466 1355 possit,
1499 1304 1563 1344 hic
1595 1306 1654 1343 vir

143 1373 283 1412 doctus
320 1373 510 1411 maiorem
549 1372 763 1411 editionem
801 1384 845 1411 ea
884 1383 959 1422 qua
997 1371 1162 1421 insignis
1192 1377 1252 1410 est
1281 1373 1532 1411 accuratione
1564 1372 1653 1411 dili-

143 1441 354 1491 gentiaque
392 1443 567 1490 paratam
606 1440 648 1478 in
685 1437 887 1492 publicum
918 1439 1081 1478 emittat.
1137 1437 1247 1484 Quod
1277 1438 1368 1478 dum
1399 1452 1534 1491 spero,
1575 1452 1653 1479 non

143 1506 213 1546 abs
250 1518 294 1545 re
332 1507 417 1545 fore
456 1508 589 1556 putavi
630 1506 678 1545 de
717 1506 916 1545 nonnullis
957 1505 1096 1549 rebus,
1136 1507 1175 1543 in
1215 1505 1360 1555 quibus
1397 1505 1446 1544 ab
1484 1506 1652 1546 loz-dano

144 1572 308 1624 aliisque
338 1573 435 1611 viris
466 1571 591 1612 doctis
622 1572 885 1618 dissentirem,
917 1574 997 1612 sive
1028 1571 1075 1611 de
1105 1571 1300 1611 librorum
1321 1574 1532 1624 scripturis
1562 1586 1652 1612 vere

144 1639 400 1678 aestimandis
428 1638 542 1677 aliam
575 1640 811 1678 sententiam
843 1640 1047 1678 ferendam
1077 1650 1161 1677 esse
1193 1650 1395 1677 censerem
1429 1641 1508 1677 sive
1540 1645 1651 1690 puta‘

144 1717 227 1745 rem
257 1704 352 1745 locis
388 1704 624 1757 quibusdam
663 1707 890 1746 coniectura
927 1705 1239 1745 subveniendum
1280 1718 1386 1752 esse,
1428 1708 1653 1747 accuratius

144 1775 360 1825 disputare.
420 1773 517 1812 Cum
551 1778 681 1812 autem
712 1773 831 1812 multa
873 1775 912 1811 in
951 1774 1023 1812 hac
1062 1775 1159 1812 artis
1198 1774 1361 1812 criticae
1393 1773 1652 1821 Sallustianae

143 1844 254 1893 parte
284 1833 375 1885 sint,
407 1839 456 1880 de
486 1839 630 1892 quibus
660 1840 857 1881 disserere
885 1852 1031 1892 operae
1053 1841 1223 1892 pretium
1246 1842 1315 1886 sit,
1349 1846 1430 1880 tum
1462 1842 1553 1881 satis
1574 1854 1655 1882 am-

143 1907 206 1959 pla
237 1908 432 1959 dignaque
462 1907 527 1946 illa
559 1908 656 1947 mihi
687 1909 866 1960 quaestio
899 1908 1065 1952 videtur,
1098 1920 1198 1960 quae
1229 1912 1451 1959 quantaque
1483 1910 1653 1948 auctori-

143 1979 202 2014 tas
232 1973 335 2014 libro
358 1975 544 2015 Vaticano
564 1972 676 2015 3864
698 1974 765 2027 (=
793 1976 839 2026 V)
872 1974 1083 2015 tribuenda
1115 1976 1182 2020 sit,
1215 1974 1262 2015 de
1284 1977 1397 2015 cuius
1428 1976 1503 2015 fide
1524 1978 1654 2016 novis-

143 2042 257 2080 simis
287 2040 534 2092 temporibus
564 2042 679 2093 longe
711 2043 827 2081 aliter
865 2047 980 2094 atque
1013 2047 1127 2081 antea
1159 2036 1329 2081 iudicari
1361 2048 1544 2094 coeptum
1575 2048 1654 2087 est:

143 2112 231 2160 post
267 2119 384 2160 quam
424 2108 729 2160 disputationem
761 2108 945 2149 nonnulla
976 2109 1197 2160 proferam,
1236 2121 1336 2161 quae
1367 2121 1458 2149 cum
1496 2112 1655 2150 omnino

109 2185 112 2188 ’
142 2176 182 2212 in
214 2174 328 2213 libris
365 2186 482 2213 manu
523 2177 684 2226 scriptis
721 2188 799 2215 non
838 2182 946 2214 recte
984 2175 1220 2227 prodantur,
1263 2189 1283 2214 a
1314 2177 1411 2214 viris
1440 2176 1567 2215 doctis
1596 2176 1655 2215 vel

142 2253 308 2292 prorsus
337 2242 482 2282 intacta
512 2242 650 2283 relicta
682 2243 741 2282 vel
773 2255 850 2283 non
880 2245 976 2283 satis
1005 2243 1210 2283 evidenter
1241 2243 1445 2283 emendata
1476 2249 1578 2283 sunt.

251 2308 332 2346 Iam
367 2314 495 2347 autem
527 2309 701 2360 'primum
720 2315 760 2348 et
783 2311 893 2361 pium
915 2315 955 2348 et
983 2310 1080 2349 utile
1112 2310 1267 2348 videtur
1296 2321 1364 2348 eos
1388 2311 1491 2348 viros
1519 2310 1655 2349 doctos

97 2424 100 2425 ⁷
142 2385 472 2420 commemorare,
518 2377 587 2427 qui
626 2376 674 2416 de
712 2376 850 2416 codice
898 2377 932 2415 V
965 2376 1181 2416 sententias
1217 2376 1480 2428 protulerunt.
1549 2376 1652 2422 Quo-

231 2496 266 2538 1)
286 2496 331 2528 cf.
348 2496 579 2531 Dietschium
595 2497 648 2533 od.
667 2509 698 2531 a.
719 2498 804 2532 1859
821 2498 975 2541 praefat.
995 2509 1028 2540 p.
1045 2498 1135 2532 VIII
1151 2509 1280 2541 magna
1306 2498 1469 2541 profecto
1486 2509 1565 2531 cum
1581 2509 1652 2531 mo-

141 2550 257 2583 destia.
271 2550 360 2584 haec
377 2553 608 2586 scribentem:
627 2553 810 2587 ‘incohat-a.
826 2555 947 2597 potius
966 2564 1072 2597 quam
1088 2554 1244 2596 perfecta
1261 2564 1314 2586 me
1329 2554 1487 2596 proferre
1504 2555 1652 2593 sentio'3

125 2606 227 2639 ·item
250 2607 288 2639 in
311 2606 548 2643 Commentat.
572 2620 640 2653 cap
673 2610 692 2644 Ι
715 2620 750 2652 p.
774 2611 833 2643 12:
858 2610 1076 2654 ‘disputatio
1103 2610 1159 2651 (de
1183 2610 1355 2643 librorum
1377 2621 1480 2644 mser.
1500 2610 1651 2652 origine)

142 2662 187 2693 ad
210 2665 346 2709 eertum
368 2663 472 2696 finem
496 2666 568 2697 iam
592 2666 722 2698 adduci
745 2676 817 2698 non
842 2669 974 2707 potest,
1000 2666 1170 2707 'quoniam
1190 2665 1345 2698 nondum
1369 2675 1488 2697 omnes
1513 2665 1654 2697 codices

141 2715 331 2759 diligenter
360 2719 539 2762 explorati
569 2723 689 2754 sunt’.
740 2720 839 2754 Adde
870 2721 1061 2754 Iordanum
1090 2721 1213 2755 Herm.
1244 2720 1315 2754 vol.
1338 2720 1356 2752 1
1386 2731 1419 2763 p.
1444 2721 1526 2753 229:
1560 2723 1653 2753 ‘von

140 2771 237 2804 einer
260 2774 578 2828 abschliessenden
602 2776 846 2818 Bearbeitung
870 2777 950 2810 sind
975 2778 1040 2809 wir
1062 2778 1146 2810 weit
1170 2776 1350 2809 entfernt'.

1338 2841 1384 2873 1*
