1814 3042
0 13 27 72 ⁹³·ss
126 26 205 88 ‘12
271 76 274 79 .

149 160 247 201 Nam
278 160 386 205 baec,
419 165 461 199 ut.
490 161 570 198 iam
600 159 833 209 significavi,
873 160 975 198 ratio
1008 158 1112 198 baud
1142 158 1264 198 dubie
1293 160 1423 198 verior
1453 159 1666 210 videbitur,

150 232 194 268 ut
223 226 344 268 verba
375 226 423 267 ad
455 227 665 279 scriptoris
694 225 1024 266 consuetudinem
1063 211 1338 272 restituamus,
1376 237 1495 278 quam
1526 233 1591 279 ut,
1629 229 1664 268 si

148 298 334 346 quattuor
372 293 468 332 locis
506 293 647 344 aliquis
685 304 780 332 usus
818 292 1094 336 confirmetur,
1133 293 1271 344 quinto
1308 297 1440 332 autem
1470 294 1666 346 scriptura

149 361 332 411 fluctuet,
364 359 438 399 hoc
469 358 557 399 loco
578 357 696 399 aliam
719 359 846 410 legem
868 360 1102 412 scriptorem
1131 363 1310 403 secutum
1330 371 1417 410 esse
1439 363 1665 401 statuamus.

148 427 296 474 Quodsi
327 426 520 479 Iordanus
550 439 597 466 ex
630 426 712 466 Cic.
745 439 806 478 ep.
839 426 886 466 ad
918 429 995 466 Att.
1028 426 1056 471 1,
1089 424 1136 471 9,
1171 425 1191 466 1
1222 437 1312 467 cum
1342 429 1518 468 incertus
1545 427 1667 468 essem

148 495 216 535 ubi
250 505 353 534 esses
391 495 670 534 auctoritatem
710 494 928 534 sententiae
968 505 1061 534 suae
1100 494 1292 534 accedere
1332 495 1548 541 existimat,
1588 507 1666 535 non

149 560 237 612 plus
275 561 351 600 hoc
394 560 526 600 valere
566 573 688 601 unum
728 572 923 613 quemque
955 560 1051 600 mihi
1082 573 1362 601 concessurum
1391 568 1507 613 puto,
1548 571 1665 614 quam

146 639 235 666 cum
268 627 497 667 Sallustium
528 628 612 678 lug.
642 625 711 672 49,
743 624 770 667 5
801 627 985 666 similiter
1016 627 1160 667 dubius
1190 640 1283 667 voce
1313 639 1426 667 usum
1448 639 1534 667 esse
1555 628 1666 668 dicit.

260 694 397 747 Neque
429 697 554 745 magis
584 694 752 734 Iordano
782 694 966 733 assentiri
998 706 1157 745 possum
1190 693 1238 733 ‹le
1268 694 1352 744 lug.
1388 692 1452 739 14,
1486 692 1557 740 12,
1588 707 1667 746 quo

146 761 233 800 loco
272 763 307 800 V
334 762 498 800 multum
528 761 697 804 labom‘s,
737 761 861 799 ceteri
899 761 1063 799 multum
1099 760 1276 799 laborem
1309 758 1522 811 praebent,
1561 761 1666 812 quod

147 827 334 867 facillime
374 839 420 867 ex
458 828 624 867 multum
661 827 813 866 laboris
850 828 950 866 oriri
987 831 1123 878 postea
1162 826 1455 867 demonstrabo.
1519 826 1666 868 Eadem

147 899 278 935 autem
310 896 411 934 ratio
433 899 494 934 est
514 895 596 934 Cat.
618 891 686 938 28,
708 891 748 937 2,
779 893 847 933 ubi
879 891 1107 944 Winiusw)
1139 899 1248 934 recte
1278 898 1473 951 quantum
1493 896 1670 944 periculi

145 962 193 1002 ad
226 963 273 1003 P1
297 966 337 1002 et
366 962 419 1003 ΡΒ
445 961 561 1001 fidem
594 960 790 1001 edendum
821 973 908 1002 esse
939 961 1073 1001 docuit
1109 984 1150 989 —
1187 965 1303 1014 atque
1334 961 1513 1014 profecto
1544 962 1667 1002 multo

145 1029 184 1069 id
216 1034 278 1068 est
307 1029 528 1079 elegantius
559 1051 639 1073 ——-,⁷
662 1040 902 1080 quamquam
932 1029 1124 1068 Iordanus
1154 1029 1227 1068 hoc
1248 1041 1403 1081 quoque
1435 1029 1520 1068 loco
1540 1041 1666 1079 quan-

144 1101 227 1135 tum
257 1097 484 1145 periculum
523 1107 569 1134 ex
609 1095 644 1133 P
678 1096 850 1146 recepit:
899 1107 1028 1147 neque
1066 1094 1169 1134 enim
1207 1093 1382 1134 arbitror
1419 1107 1508 1135 eum
1548 1096 1666 1135 etiam

145 1164 194 1204 P1
220 1167 260 1201 et
288 1163 341 1203 P2
371 1162 496 1201 libros
534 1162 607 1200 viri
646 1163 866 1214 cuiuspiam
904 1174 984 1201 non
1015 1162 1164 1201 indocti
1195 1174 1316 1213 opera
1347 1162 1411 1201 hic
1442 1163 1667 1213 inquinatos

145 1229 205 1268 vel
236 1231 371 1281 potius
401 1233 602 1268 correctos
633 1228 811 1267 credere.
862 1228 1050 1271 Errorem
1080 1233 1211 1268 autem
1231 1228 1488 1268 librariorum
1510 1233 1553 1267 ut
1572 1228 1665 1268 sub-

146 1309 234 1337 esse
265 1301 447 1341 statuam,
480 1308 639 1336 causam
671 1295 852 1335 idoneam
886 1296 943 1335 vel
975 1295 1280 1347 explicationem
1313 1296 1415 1335 baud
1448 1298 1665 1335 incommo-

145 1363 235 1403 dam
266 1375 329 1402 me
361 1362 511 1402 babere
541 1362 733 1401 existimo.
795 1362 1015 1415 Numquam
1051 1363 1159 1402 enim
1197 1363 1372 1403 invenias
1409 1362 1514 1402 hunc
1543 1361 1664 1403 libra·

145 1432 298 1470 riorum
330 1442 508 1469 errorem
539 1430 616 1475 vel,
657 1431 690 1468 si
721 1429 878 1469 lorilani
909 1431 1144 1469 sententiam
1176 1430 1440 1482 amplectare,
1472 1430 1573 1470 hanc
1603 1430 1662 1470 di-

147 1497 262 1537 cendi
292 1497 484 1542 rationem
515 1498 557 1536 in
589 1496 847 1536 substantivis
877 1497 1082 1537 femininis
1113 1509 1187 1537 usu
1219 1497 1380 1545 venire„
1414 1497 1483 1537 sed
1514 1502 1664 1538 tantum

145 1565 185 1604 in
216 1564 421 1605 vocabulis
451 1564 661 1615 masculini
693 1570 732 1604 et
761 1566 896 1604 neutri
916 1566 1088 1616 generis,
1120 1566 1267 1616 quippe
1288 1564 1433 1617 quibus
1462 1566 1665 1617 usurpatis

144 1636 348 1681 quantum,
381 1633 544 1671 multum
564 1637 640 1672 etc.
663 1637 899 1683 utrumque,
932 1631 991 1670 vel
1023 1630 1309 1671 substantivum
1332 1631 1391 1670 vel
1413 1631 1662 1679 adiectivum,

143 1711 230 1738 esse
260 1704 414 1751 posset;
447 1698 602 1738 librarii
633 1703 764 1738 autem
794 1704 983 1747 quantum
1014 1703 1053 1737 et
1084 1698 1228 1737 similia
1260 1698 1451 1738 adiectiva
1473 1711 1559 1739 esse
1581 1700 1657 1739 rati

139 1767 362 1816 periculum
393 1765 533 1805 eodem
563 1778 657 1805 casu
689 1777 760 1817 per
798 1766 994 1805 inscitiam
1033 1764 1267 1805 adiecerunt
1304 1770 1421 1817 atque
1459 1767 1511 1805 ita
1543 1766 1660 1806 verba

143 1834 352 1883 scriptoris
389 1837 667 1883 corruperunt.
727 1832 783 1870 Ad
822 1832 925 1885 quod
964 1834 1150 1871 vitiorum
1189 1844 1315 1882 genus
1351 1833 1471 1872 etiam
1507 1831 1601 1872 libri
1632 1834 1670 1872 P

144 1904 449 1952 ceterorumque
481 1900 679 1952 scriptura
713 1899 794 1950 lug.
826 1897 893 1945 85,
917 1897 971 1940 31
1003 1900 1191 1951 pertinet,
1224 1912 1341 1951 quem
1373 1899 1501 1940 locum
1530 1899 1662 1940 Iorda-

144 1979 218 2006 nus
248 1966 415 2005 alterum
447 1978 585 2004 eorum
618 1978 704 2004 esse
736 1965 845 2010 dicit,
879 1966 1026 2018 quibus
1062 1968 1097 2005 V
1124 1966 1231 2006 solus
1260 1978 1391 2006 veram
1423 1968 1661 2020 scripturam

143 2036 372 2074 servaverit.
433 2033 619 2085 Legimus
649 2035 756 2074 enim
787 2035 827 2073 in
868 2035 903 2074 V
939 2035 998 2084 (et
1025 2032 1073 2084 92
1106 2033 1254 2074 nullius
1283 2035 1530 2075 auctoritatis
1558 2034 1661 2075 libro

143 2106 261 2153 atque
293 2094 333 2141 in
365 2102 546 2152 margine
584 2100 733 2141 codicis
763 2101 814 2152 P)
845 2104 972 2152 parvi
1007 2103 1050 2140 id
1080 2100 1216 2149 facio,
1256 2100 1359 2153 quod
1399 2100 1515 2141 Nonii
1554 2102 1662 2142 testi-

141 2169 278 2209 monio
308 2169 586 2214 confirmatum
624 2168 770 2220 reliqui
806 2181 943 2208 omnes
965 2179 1119 2218 parum
1147 2169 1192 2207 id
1214 2167 1330 2215 facio
1361 2167 1569 2218 exhibent,
1607 2171 1662 2209 ita

143 2241 185 2276 ut
215 2234 290 2275 lioc
319 2235 406 2275 loco
429 2245 582 2285 parum
612 2247 660 2275 ex
683 2237 808 2285 parve·
836 2240 998 2288 propter
1026 2236 1072 2275 id
1098 2246 1316 2288 pronomen
1347 2234 1451 2286 quod
1483 2235 1662 2288 sequitur

142 2308 273 2342 ortum
306 2314 392 2342 esse
411 2302 665 2341 manifestum
687 2303 750 2341 sit.
797 2302 863 2341 Sic
884 2304 1002 2342 etiam
1024 2302 1106 2352 lug.
1133 2300 1197 2348 14,
1219 2299 1245 2340 9
1286 2302 1320 2341 V
1345 2303 1390 2341 id
1403 2303 1661 2352 potissumum

141 2381 213 2422 pro
243 2371 277 2410 is
303 2369 564 2420 potissumum
594 2367 776 2421 praebet,
815 2369 860 2408 id
895 2374 1026 2409 autem
1064 2373 1227 2422 propter
1255 2371 1518 2419 potissumum
1555 2366 1660 2421 quod

142 2438 325 2489 sequitur
355 2437 568 2488 irrepsisse
598 2448 714 2474 nemo
745 2448 822 2475 non
854 2436 968 2475 videt

253 2503 297 2543 ln
336 2501 490 2543 duobus
528 2502 618 2543 aliis
656 2514 755 2554 quae
793 2502 990 2543 Iordanus
1034 2502 1164 2543 attulit
1211 2503 1402 2555 exemplis
1437 2515 1515 2544 non
1554 2507 1660 2544 tanta

141 2570 239 2610 mihi
276 2582 365 2610 cum
403 2570 473 2609 illo
511 2569 725 2609 intercedit
764 2570 903 2609 iudicii
934 2569 1220 2622 discrepantia:
1259 2569 1444 2610 videntur
1481 2572 1587 2611 enim
1618 2571 1659 2610 hi

140 2638 215 2678 loci
246 2637 329 2689 lug.
361 2634 439 2684 24,
470 2634 497 2676 9
528 2641 567 2675 et
595 2632 670 2682 24,
706 2634 721 2675 1
766 2636 811 2676 ad
844 2638 930 2677 eius
959 2636 1052 2677 libri
1082 2636 1197 2676 fidem
1229 2636 1372 2677 edendi
1403 2650 1508 2684 esse,
1540 2648 1657 2690 quem

231 2780 289 2825 20)
313 2781 356 2815 de
383 2780 449 2814 fide
473 2784 583 2825 atque
607 2781 825 2814 auctoritate
849 2782 926 2817 cod.
955 2781 1040 2815 Sall.
1065 2782 1181 2816 Paris.
1207 2793 1241 2815 n.
1271 2783 1357 2816 1576
1381 2793 1415 2825 p.
1440 2783 1471 2818 6.
