1814 3042
113 173 206 231 duin
235 186 322 215 esse
353 173 528 218 videtur:
561 178 643 214 tum
675 174 724 214 de
744 175 803 214 eis
830 175 928 215 locis
948 174 1160 216 dicendum
1179 174 1269 220 erit,
1301 174 1448 229 quibus
1467 168 1633 233 libet-'JV

114 252 248 282 veram
269 241 507 294 scripturam
532 242 724 287 servarit;
748 242 866 282 tertia
891 246 1022 283 autem
1047 241 1328 301 disputationis
1355 245 1468 295 par-te
1491 243 1533 283 ei
1557 243 1650 289 loct*
1698 266 1794 290 ξ,

113 309 304 350 afferendi
324 314 462 354 erunt,
501 309 648 362 quibus
688 310 725 348 V
748 321 827 349 non
856 310 1082 356 meliorem,
1113 315 1314 362 postremo
1343 309 1490 362 quibus
1517 312 1636 356 etiam
1690 310 1789 370 ,ξς-ξ’]

113 376 355 416 deteriorem
386 377 534 416 ceteris
563 377 802 427 scripturam
833 375 1040 422 exhibeat,
1071 369 1350 429 inquirendum
1383 378 1634 423 autem-erit,

115 448 248 484 utrum
279 443 353 483 hae
383 445 607 496 scripturae
638 449 748 483 certo
784 445 1033 494 grammatici
1072 443 1238 484 consilio
1276 456 1323 483 an
1356 445 1484 483 errori
1514 444 1636 484 libra·
1742 445 1814 501 ἴ-ᾒςξιξ

114 510 267 549 riorum
307 522 353 549 ac
391 510 582 551 stultitiae
623 509 861 550 tribuendae
898 511 989 550 sint.
1049 509 1133 556 Qua
1170 507 1332 563 quidem
1373 509 1634 562 dispositione
1792 508 1794 510 ’

114 577 202 616 fieri
235 588 313 616 non
345 581 476 629 potest
505 578 601 628 quin
632 577 759 628 prima
790 588 882 627 pars
912 578 954 616 in
986 577 1206 617 refutandis
1225 582 1264 615 et
1284 577 1501 617 reiciendis
1529 579 1633 617 viro-

115 654 203 683 rum
235 643 444 684 d'octorum
475 643 686 683 sententiis
715 648 889 684 constet:
921 655 998 696 qua
1029 649 1159 684 tamen
1189 645 1230 683 in
1262 655 1305 684 re
1336 655 1385 683 ne
1415 643 1511 695 quid
1541 645 1638 685 vitio
1745 692 1751 696 ξ
1800 687 1803 689 ,

116 710 180 750 vel
217 709 428 762 superbiae
470 723 490 750 a
529 722 726 763 quoquam
764 711 862 751 mihi
901 716 1075 751 vertatur
1110 722 1276 763 precor,
1318 722 1407 750 cum
1445 710 1637 763 quidquid
1696 752 1712 758 ⁷,
1778 710 1812 741 Ῥ

111 776 202 818 ‘dixi
241 779 420 818 veritatis
458 777 587 818 studio
625 790 669 818 ac
706 778 925 818 litterarum
963 790 1094 818 amore
1134 789 1196 817 me
1235 778 1381 817 dixisse
1412 789 1638 818 asseverare

118 847 282 897 possim.

232 913 286 952 Ac
326 917 485 964 praeter
523 917 654 952 cetera
694 912 790 952 illud
831 912 1022 952 Iordanus
1060 923 1150 951 cum
1189 910 1393 964 Orelli⁴o¹⁴)
1434 925 1525 968 vere
1562 918 1638 953 sta-

119 980 241 1019 tuisse
272 979 441 1024 videtur,
474 979 619 1018 librum
662 981 697 1017 V
722 992 769 1018 ex
800 979 947 1020 dilectu
968 979 1140 1031 quodam
1160 981 1385 1019 orationum
1416 985 1456 1019 et
1485 982 1636 1032 epistu-

117 1046 245 1086 larum
283 1058 303 1084 e
335 1045 498 1085 Sallusti
528 1045 645 1086 libris
675 1046 964 1097 descriptarum
1005 1047 1199 1097 originem
1229 1047 1396 1092 ducere,
1437 1048 1550 1087 cuius
1579 1047 1638 1087 di-

118 1115 244 1153 lectus
276 1118 413 1152 auctor
444 1115 613 1152 fortasse
645 1115 729 1164 ipse
768 1114 958 1165 epistulas
995 1124 1179 1153 sermone
1211 1113 1449 1153 Sallustiano
1479 1125 1638 1165 compo·
1700 1116 1703 1117 ⁷

119 1181 214 1220 sitas
244 1181 465 1232 scripserit.
526 1179 603 1219 Sed
625 1192 684 1225 ea,
717 1193 817 1232 quae
840 1193 886 1219 ex
910 1181 1050 1220 harum
1079 1179 1316 1219 condicione
1337 1182 1640 1232 scripturaeque

118 1259 265 1297 genere
304 1247 495 1286 lordanus
535 1247 692 1285 efficere
732 1247 901 1292 studuit,
942 1247 1163 1287 concedere
1193 1257 1272 1286 non
1303 1258 1476 1299 possum.
1538 1247 1638 1287 Con·

120 1315 232 1366 sequi
263 1315 370 1353 enim
407 1313 499 1352 inde
538 1313 603 1352 ille
643 1314 811 1353 alterum
848 1314 921 1353 hoc
959 1319 1090 1365 putat,
1131 1314 1276 1353 editori
1315 1313 1434 1353 buius
1471 1314 1642 1353 dilectus

119 1381 244 1420 libros
275 1393 393 1420 manu
424 1381 595 1432 scriptos
625 1392 703 1420 non
726 1380 980 1421 mediocriter
1001 1386 1212 1433 corruptos
1231 1382 1272 1420 in
1294 1380 1478 1420 manibus
1498 1381 1636 1426 fuisse,

119 1460 221 1499 quos
251 1452 295 1487 ut
325 1447 549 1487 scholarum
580 1449 670 1486 usui
702 1449 782 1498 apti
821 1452 952 1487 essent
982 1447 1290 1493 emendavisset,
1322 1459 1367 1487 ea
1398 1460 1498 1499 quae
1530 1449 1636 1487 inso-

119 1515 190 1554 lita
222 1520 261 1554 et
291 1510 508 1565 singularia
531 1519 663 1554 essent
684 1526 771 1554 cum
792 1515 990 1554 consuetis
1017 1514 1304 1566 cotidianisque
1326 1520 1500 1555 mutans:
1534 1514 1637 1566 quod

120 1587 252 1621 autem
293 1582 339 1621 ad
379 1586 486 1620 recte
524 1580 729 1620 scribendi
767 1583 962 1620 rationem
1003 1582 1161 1626 attinet,
1200 1581 1402 1620 rhetorem
1433 1580 1544 1621 illum
1575 1585 1642 1620 aut

122 1648 241 1688 verba
274 1650 351 1688 iam
383 1648 589 1688 emendata
621 1650 846 1700 repperisse
878 1653 947 1688 aut
972 1650 1102 1700 ipsum
1123 1649 1357 1687 restituisse.
1408 1648 1466 1687 Ex
1495 1647 1642 1700 quibus

49 1723 59 1730 ·
120 1715 199 1755 duo
230 1720 380 1755 tantum
412 1726 517 1755 nunc
546 1721 770 1756 teneamus:
804 1727 926 1755 unum
951 1715 1045 1760 boc,
1084 1715 1188 1767 quod
1221 1714 1411 1754 Iordanus
1437 1715 1535 1754 dicit
1563 1714 1641 1754 ele-

120 1784 314 1834 gantioris
342 1784 540 1822 sermonis
564 1781 695 1822 studio
717 1782 1170 1834 hunc-grammaticum,
1203 1781 1394 1834 quidquid
1418 1783 1640 1827 mutaverit,

123 1851 350 1890 mutavisse.
411 1849 513 1896 Quid
545 1851 687 1901 igitur,
728 1850 759 1890 si
789 1852 948 1903 saepius
984 1851 1207 1902 reperimus
1244 1850 1284 1889 in
1317 1849 1502 1889 Vaticano
1534 1855 1641 1889 vetu-

121 1919 286 1957 stiorem
318 1929 446 1969 neque
475 1922 554 1957 tam
587 1917 806 1968 elegantem
838 1929 955 1970 quam
994 1920 1036 1958 in
1067 1918 1214 1957 ceteris
1245 1917 1481 1968 scripturam
1512 1928 1642 1957 serva-

120 1990 213 2028 tam,
246 1984 515 2036 putandumne
547 1989 607 2024 est
636 1983 699 2023 his
736 1983 833 2024 locis
863 1990 1131 2024 correctorem
1168 1983 1452 2034 elegantiorem
1483 1984 1641 2024 dicendi

122 2052 317 2091 rationem
349 2051 426 2091 alio
457 2063 598 2091 rursus
628 2051 794 2091 consilio
829 2063 918 2091 cum
950 2051 1192 2091 obsoletiore
1234 2050 1294 2089 vel
1325 2049 1486 2090 duriore
1517 2056 1642 2091 muta-

121 2119 249 2158 visse?
309 2118 413 2164 Quid
444 2120 549 2157 enim
582 2119 691 2158 verbi
722 2130 837 2174 causa
869 2119 916 2158 de
938 2119 1022 2169 lug.
1048 2116 1112 2163 14,
1139 2116 1211 2162 11,
1244 2116 1312 2156 ubi
1344 2116 1444 2156 liber
1473 2119 1506 2157 V
1536 2118 1643 2158 solus

122 2191 230 2226 recte
261 2197 339 2225 non
369 2188 466 2236 quit,
498 2185 643 2237 reliqui
673 2197 810 2225 omnes
838 2188 987 2235 nequit,
1022 2185 1069 2225 de
1100 2185 1184 2236 lug.
1206 2182 1273 2230 31,
1294 2181 1367 2229 25,
1394 2196 1470 2235 quo
1494 2184 1581 2225 loco
1609 2187 1644 2226 V

123 2255 328 2300 amittatis,
361 2254 485 2292 ceteri
516 2252 575 2292 vel
606 2255 796 2292 omittatis
826 2252 885 2292 vel
914 2252 1143 2301 obmittatis,
1177 2251 1225 2290 de
1255 2250 1339 2302 lug.
1371 2248 1447 2299 85,
1477 2249 1544 2297 23,
1577 2252 1644 2291 ubi

133 2321 169 2358 V
194 2331 324 2369 neque
351 2321 462 2359 mala
492 2332 618 2370 neque
647 2321 764 2369 bona,
798 2321 922 2360 ceteri
953 2331 1081 2370 neque
1109 2319 1214 2359 bona
1243 2329 1372 2369 neque
1389 2320 1499 2358 mala
1528 2331 1642 2370 prae-

124 2387 232 2432 bent,
266 2386 518 2426 statuendum
550 2388 633 2426 est?
693 2387 776 2427 Hoc
798 2388 975 2426 enimin
996 2398 1144 2438 genere
1175 2387 1209 2425 si
1239 2386 1405 2425 rationis
1426 2386 1644 2439 iudiciique

123 2455 345 2494 constantia
376 2454 433 2493 uti
465 2453 723 2499 voluerimus,
762 2456 923 2494 omnino
962 2458 1040 2493 tam
1072 2453 1149 2493 late
1179 2456 1314 2504 patere
1346 2465 1526 2505 campum
1558 2453 1638 2494 illa-

124 2533 212 2561 rum
235 2521 494 2560 mutationum
518 2519 631 2560 nobis
652 2520 862 2560 dicendum
890 2522 960 2566 sit,
993 2526 1035 2560 ut
1065 2519 1165 2559 hanc
1195 2519 1417 2558 universam
1446 2519 1495 2560 de
1515 2531 1644 2571 gram-

217 2687 273 2730 14)
290 2688 329 2721 in
345 2687 466 2721 Iahnii
483 2698 565 2721 nov.
583 2687 702 2721 annal·
715 2687 839 2732 philol.
853 2691 889 2721 et
903 2687 1101 2731 paedagog.
1118 2685 1189 2721 vol.
1207 2686 1264 2720 111
1278 2685 1324 2730 (a.
1342 2686 1443 2730 1831)
1460 2699 1494 2732 p.
1506 2688 1551 2722 40
1563 2698 1642 2733 sqq.
1708 2694 1710 2697 '

125 2751 161 2778 et
184 2746 223 2778 in
249 2745 438 2779 ‘Historia
463 2745 590 2779 critica
613 2745 817 2787 eclogarum
841 2755 885 2777 ex
909 2744 1060 2777 Sallusti
1084 2744 1169 2777 hist.
1195 2743 1318 2777 libris’
1351 2745 1475 2777 Tui-ici
1499 2755 1531 2778 a.
1557 2745 1644 2780 1833

125 2801 235 2834 edita,
