1814 3042
103 186 108 189 .
154 148 242 200 0101
265 163 406 213 nequit
435 168 624 214 quantum
655 163 772 212 imper
774 173 856 203 ⁸are
884 164 1082 214 scriptura
1117 166 1275 214 recepta
1303 161 1548 219 detrabatur,
1593 156 1657 214 Au
1666 192 1705 229 „⁵
1727 140 1814 212 ἶ]

156 229 266 269 enim
296 227 475 269 bariolor
504 234 572 274 aut
602 228 761 270 Sallusti
791 231 831 270 in
862 228 1110 271 orationibus
1139 229 1423 281 componendis
1457 235 1604 276 artem·
1597 228 1814 285 &hg-'⁴

156 306 236 335 ιιοιι
266 295 366 335 satis
389 293 527 347 magni
559 295 719 341 faciunt,
751 297 832 347 qui,
864 292 958 346 quid
989 293 1146 345 legibus
1175 297 1274 335 artis
1303 297 1589 346 grammaticae
1610 308 1672 339 re·
1693 292 1726 321 *ἶ

153 366 317 413 pugnet.
350 363 585 414 respiciunt,
616 361 711 413 quid
743 373 835 401 vero
855 360 1072 414 pulchrius,
1105 362 1200 414 quid
1220 363 1391 414 gravius,
1423 363 1519 415 quid
1541 356 1693 415 animo¹

154 428 323 468 consilio
352 428 531 467 moribus
561 429 658 472 eius,
689 440 807 478 quem
829 427 1040 468 Sallustius
1061 428 1289 478 loquentem
1309 429 1422 472 facit,
1448 440 1679 485 ιιοοοιιιιιιορΙ

154 493 285 535 datius
315 495 386 539 sit,
418 505 556 548 parum
577 499 733 535 curant.
784 493 867 536 Hoc
887 500 1019 536 autem
1040 494 1127 536 loco
1157 494 1197 536 id
1228 495 1352 538 Mario
1377 509 1464 537 esse
1494 498 1672 549 proposi-

155 569 237 601 lum
267 567 388 613 patet,
421 567 465 601 ut
495 561 647 613 nobiles
678 567 718 601 et
747 568 906 602 senatus
943 562 1150 601 factionem
1189 562 1372 602 omnibus
1401 563 1530 603 modis
1561 569 1674 603 vexet
1735 552 1771 604 [T
1796 587 1803 589 -

155 633 273 679 atque
303 627 495 668 lacessat:
534 628 572 668 id
611 628 715 679 quod
747 628 867 668 multo
896 630 1055 680 gravius
1084 630 1144 674 fit,
1184 631 1216 669 si
1253 631 1531 680 imperatorem
1562 629 1672 679 dicit,
1717 624 1725 651 ἶ

156 707 235 733 non
265 695 392 734 solum
423 696 637 743 imperare,
668 701 707 734 et
729 694 856 733 utilia
876 707 948 733 vox
968 707 1059 734 mox
1079 695 1336 736 acerbissima
1366 708 1456 734 cum
1485 696 1672 735 irrisione
1727 728 1730 729 γ
1801 702 1806 704 “

152 754 373 813 repetatur.
444 759 528 800 Dici
569 766 702 801 autem
738 761 974 813 simpliciter
1012 762 1188 814 potuisse
1215 763 1501 813 ¹imperatorem
1538 762 1674 802 iubere

154 829 232 867 iam
264 827 440 868 Kritzius
470 828 662 879 exemplis
694 828 845 873 docuit,
887 834 930 867 ut
958 829 1043 867 Livi
1076 829 1110 873 1,
1145 827 1209 874 17,
1240 826 1266 868 9
1295 841 1383 868 cum
1407 831 1583 879 populus
1608 839 1673 881 re·
1727 815 1740 823 ⁸

148 905 238 943 aem
269 895 464 940 iussissetv3
496 895 590 934 item
622 894 651 940 1,
682 891 750 939 22,
786 893 806 934 1
839 895 932 934 inde
966 895 1120 936 Tullum
1151 896 1359 936 Hostilium
1388 907 1520 945 reyem
1546 907 1672 946 popu·

150 962 213 1000 Ius
241 959 358 1001 iussit
392 973 426 1000 e.
468 974 506 1012 q.
545 974 598 1001 s.:
647 967 764 1013 atque
803 962 901 1000 adeo
931 974 978 1000 ex
1019 963 1142 1013 ipsius
1179 962 1340 1002 Sallusti
1380 963 1494 1002 libris
1532 963 1672 1002 afferre

152 1032 309 1078 poterat
338 1025 421 1078 lug.
457 1025 526 1072 14,
563 1026 614 1068 10
642 1031 728 1078 quis
759 1026 967 1079 (Numidis)
1002 1029 1124 1069 hostis
1153 1030 1284 1069 nullus
1311 1035 1420 1079 erat,
1461 1032 1540 1070 nisi
1562 1029 1674 1077 forte

153 1106 267 1144 quem
297 1104 372 1133 vos,
391 1096 610 1134 iussissetis.
673 1095 809 1147 Neque
841 1095 1023 1141 alterum,
1054 1095 1157 1147 quod
1179 1095 1370 1135 Iordanus
1391 1102 1431 1136 et
1452 1097 1673 1137 Dietschius

155 1161 405 1214 (quamquam
436 1161 501 1200 hic
522 1162 679 1212 quidem
712 1164 836 1202 invito
857 1163 1003 1214 animo)
1034 1168 1173 1202 contra
1202 1162 1296 1201 libri
1339 1164 1374 1201 V
1398 1164 1673 1203 auctoritatem

154 1228 434 1280 probaverunt,
467 1241 604 1268 verum
635 1241 720 1268 esse
751 1229 847 1269 mihi
880 1228 1046 1268 videtur.
1081 1266 1083 1269 ,
1108 1228 1270 1279 Legitur
1305 1230 1411 1269 enim
1442 1231 1481 1269 in
1521 1229 1589 1269 VC
1617 1229 1672 1280 (in

154 1295 218 1334 his
254 1295 331 1334 ET
362 1298 536 1348 optimae
578 1302 691 1336 notae
727 1296 822 1336 libri
861 1295 974 1347 sunt)
1021 1298 1055 1335 is
1090 1297 1190 1335 sibi
1232 1295 1510 1345 imperatorem
1551 1297 1674 1335 alium

153 1367 343 1410 quaerat;
375 1364 416 1402 in
439 1364 477 1402 P
500 1368 540 1402 et
559 1362 825 1403 deterioribus
853 1363 931 1402 sibi
958 1363 1147 1402 omissum
1177 1367 1256 1407 est,
1288 1364 1328 1402 in
1360 1363 1409 1404 Ρι
1435 1362 1539 1402 idem
1562 1361 1669 1402 dele-

154 1434 252 1467 tum.
312 1428 395 1474 Qua
428 1431 467 1468 iu
500 1441 616 1469 causa
648 1429 838 1468 Dietscbii
877 1431 1071 1467 rationem
1110 1440 1354 1479 nequaquam
1386 1428 1554 1480 probare
1584 1432 1682 1478 posi
1715 1441 1721 1445 ’

155 1507 262 1539 sum,
306 1496 374 1546 qui
407 1496 618 1536 novissime
648 1495 744 1535 haec
775 1492 1054 1546 adnotavit⁵²):
1095 1496 1346 1547 ‘quamquam
1382 1495 1457 1535 sibi
1484 1494 1534 1535 ob
1565 1495 1674 1535 codi-

155 1574 246 1601 cum
277 1564 552 1603 auctoritatem
583 1562 743 1603 exulare
775 1561 921 1601 debere
952 1573 1140 1612 agnosco,
1171 1567 1302 1601 tamen
1323 1563 1414 1613 quia
1435 1562 1673 1614 ambiguita-

156 1633 235 1668 tem
266 1641 432 1681 prorsus
462 1635 651 1685 removet,
681 1629 779 1669 mibi
810 1629 966 1681 placere
998 1641 1074 1668 non
1104 1629 1253 1669 infitias
1281 1629 1339 1669 ire
1369 1629 1526 1672 audeo’.
1575 1629 1674 1670 Nam

155 1708 245 1735 cum
286 1698 448 1736 omnino
490 1697 685 1736 librorum
726 1686 939 1735 auctoritas
975 1701 1111 1734 contra
1158 1697 1350 1735 rationem
1395 1695 1495 1735 nihil
1533 1696 1671 1741 valeat,

161 1769 243 1803 tum
277 1763 349 1802 hac
381 1765 616 1815 praesertim
647 1764 686 1802 in
718 1775 761 1802 re
792 1774 892 1814 quae
923 1763 995 1802 ista
1027 1763 1241 1809 auctoritas
1271 1764 1335 1807 sit,
1368 1774 1445 1801 non
1477 1761 1673 1813 intellegi·

155 1835 244 1870 tur:
281 1830 357 1872 sibe·
392 1835 522 1870 autem
561 1843 581 1870 a
621 1828 807 1871 Sallustio
843 1830 1067 1870 necessario
1113 1829 1231 1869 scribi
1274 1828 1459 1869 debuisse
1496 1835 1673 1881 apparet.

154 1897 196 1936 ld
227 1897 334 1936 enim
359 1898 392 1936 si
425 1899 642 1942 omittatur,
674 1898 792 1936 etiam
824 1897 921 1936 haec
943 1895 1074 1936 verbis
1104 1897 1300 1936 sententia
1327 1895 1515 1936 facillime
1543 1896 1674 1936 subici

154 1964 294 2017 possit,
327 1963 436 2004 illum
469 1965 538 2016 qui
568 1965 785 2017 imperator
814 1964 942 2004 factus
972 1964 1025 2004 sit
1053 1975 1245 2015 quaerere
1283 1963 1455 2016 aliquem
1493 1965 1560 2015 qui
1599 1965 1674 2016 im-

153 2036 288 2083 peret,
328 2032 382 2070 ita
423 2037 465 2070 ut
503 2034 587 2083 ipse
627 2033 843 2082 imperator
872 2030 969 2070 nihil
996 2036 1128 2070 curet:
1169 2031 1209 2070 id
1246 2031 1352 2083 quod
1382 2043 1403 2069 a
1435 2042 1527 2070 vero
1560 2030 1674 2081 longe

153 2097 278 2138 abest.
346 2097 444 2138 Nam
485 2098 585 2138 nibil
621 2097 729 2138 aliud
767 2097 866 2138 dicit
895 2097 1064 2143 Marius,
1104 2099 1180 2138 nisi
1220 2111 1311 2139 eum
1349 2099 1417 2149 qui
1458 2099 1674 2150 imperator

152 2171 310 2204 creatus
340 2166 391 2204 sit
419 2175 613 2216 quaerere
644 2163 829 2215 aliquem,
862 2166 931 2216 qui
961 2165 1039 2216 ipsi
1070 2164 1267 2210 consulat,
1300 2162 1357 2204 ita
1385 2169 1428 2204 ut
1457 2165 1674 2217 imperator

154 2231 312 2282 quidem
351 2231 545 2272 militibus
581 2233 779 2284 imperare
816 2232 1016 2277 videatur,
1055 2231 1121 2271 ille
1158 2237 1291 2271 autem
1328 2231 1428 2271 alter
1466 2230 1673 2271 consilium

154 2299 430 2349 rationemque
471 2302 666 2337 monstret
709 2310 785 2349 qua
830 2300 962 2338 omnia
1007 2298 1157 2348 agenda
1196 2299 1288 2337 sint.
1356 2297 1493 2348 ltaque
1534 2298 1613 2337 sibe·
1652 2309 1674 2336 a

153 2365 352 2417 scriptore
382 2364 485 2404 adici
517 2375 678 2404 necesse
708 2370 807 2404 erat,
857 2365 927 2405 His
956 2371 1087 2404 autem
1120 2364 1253 2404 verbis
1282 2377 1302 2404 a
1333 2363 1454 2404 Mario
1477 2363 1674 2404 Metellum

154 2432 392 2483 perstringi,
431 2433 498 2470 cui
535 2442 577 2470 se
614 2432 743 2483 ipsum
780 2431 880 2471 bona
918 2432 1082 2472 consilia
1120 2431 1275 2471 dedisse
1306 2430 1483 2476 simulet,
1523 2432 1586 2470 vix
1615 2435 1676 2504 est

154 2498 257 2551 quod
288 2509 484 2538 moneam.

265 2564 293 2616 ξ
324 2563 377 2605 13
405 2577 561 2604 summo
582 2566 670 2604 iure
693 2565 937 2610 Gerlachius,
969 2565 1174 2611 londanus
1206 2564 1443 2611 Dietscbius,
1475 2563 1675 2605 lacobsius

154 2633 345 2673 librorum
386 2633 469 2672 VP1
503 2632 775 2672 auctoritatem
813 2638 948 2672 contra
981 2633 1018 2671 P
1047 2643 1262 2683 omnesque
1298 2630 1492 2683 reliquos,
1532 2630 1600 2681 qui
1635 2633 1675 2669 et

243 2777 301 2820 52)
327 2777 414 2811 edit.
443 2788 475 2811 a.
503 2777 591 2810 1868
615 2776 766 2819 praefat.
792 2787 825 2820 p.
851 2776 913 2811 XI.
