1814 3042
0 230 19 273 5⁷
38 223 65 270 *³⁷5
86 255 92 259 ’
113 242 262 300 aliique
291 245 456 288 derivati
486 248 651 290 essent‚·
678 244 940 289 consentiret,
973 242 1141 283 eundem
1176 247 1308 283 autem
1345 242 1524 283 codicem
1553 244 1631 284 iam

69 297 93 326 7
114 313 403 366 antiquissimis
433 309 677 361 temporibus
708 310 1006 360 agrammatico
1027 310 1161 362 aliquo
1182 314 1321 362 suopte
1351 308 1517 349 arbitrio
1544 320 1631 349 mu-

115 387 240 424 tatum
264 392 351 420 esse
381 383 500 430 atque
529 376 824 428 interpolatum.
875 376 984 416 Vnde
1015 377 1183 416 alterum
1218 389 1376 429 quoque
1396 376 1472 416 hoc
1492 388 1630 416 conse-

41 453 46 457 ‘
114 450 185 500 qui
209 448 318 491 dicit.
352 450 393 485 ut
422 447 464 484 in
494 448 579 483 arte
610 444 748 483 critica
779 442 994 483 factitanda
1024 444 1082 483 eis
1112 443 1231 489 locis,
1264 443 1331 483 uhi
1350 444 1562 485 Vaticanus
1591 448 1632 483 et

113 514 207 556 libri
245 515 399 566 primae
438 510 591 556 classis,
638 511 751 550 cuius
787 510 904 561 longe
941 511 1133 561 optimum
1171 510 1395 563 exemplum
1434 513 1473 550 P
1505 508 1628 561 sit¹⁰),

114 580 356 633 diScrepent,
388 577 566 618 Vaticani
596 578 832 617 auctoritate
863 576 1087 629 posthabita
1118 576 1221 617 liber
1250 578 1288 617 P
1312 578 1362 617 sit
1389 577 1628 630 sequendus,

117 649 209 690 dum
240 647 356 688 modo
385 646 489 686 saiva
521 647 572 685 sit
601 646 796 685 sententia
827 646 1105 696 scripturaque
1135 656 1156 683 a
1186 657 1369 685 sermone
1398 645 1519 685 latino
1549 657 1629 685 non

116 716 256 756 aliena.
316 712 427 759 Quod
466 712 658 752 iudicium
699 711 808 751 valde
847 710 996 764 placuit
1032 709 1308 764 Eussner011),
1348 713 1418 764 qui
1456 711 1555 752 illud
1587 716 1630 752 ut

57 831 59 835 v
116 783 241 822 solum
273 792 407 819 verum
440 778 698 829 praedicavit:
730 791 775 818 ac
796 778 1021 819 Dietschius
1041 790 1212 829 quoque,
1245 780 1312 829 qui
1342 779 1436 817 oiim
1466 791 1628 830 prorsus

119 848 232 889 aliter
263 847 310 886 de
351 847 387 885 V
412 849 603 890 senserat,
639 844 796 886 meliora
827 845 899 884 hac
929 844 1198 897 disputatione
1228 844 1412 885 edoctum
1434 844 1564 885 facere
1587 857 1627 884 se

120 927 197 955 non
227 913 401 966 potuisse
432 909 649 962 fatetur¹²)‚
681 914 776 964 quin
798 913 835 951 in
858 912 953 951 locis
972 910 1168 957 omnibus,
1201 911 1250 950 de
1270 911 1416 964 quibus
1436 911 1626 952 iudicium

115 995 137 1023 e
166 981 243 1022 fide
273 979 464 1020 librorum
495 978 707 1031 penderet,
738 979 896 1019 Iordani
928 979 1150 1031 exemplum
1182 984 1428 1030 sequeretur.
1490 979 1626 1019 Novis-

114 1049 211 1088 sime
241 1047 413 1098 denique
444 1044 674 1085 Gerlachius
704 1046 841 1097 paucis
871 1050 910 1085 et
947 1047 1099 1084 cautius
1135 1045 1302 1084 Iordano
1338 1042 1524 1085 assensus
1553 1050 1625 1090 est,

113 1120 158 1154 ut
187 1115 251 1166 qui
284 1116 323 1153 in
355 1113 513 1157 iudicio,
545 1113 647 1163 quod
680 1113 728 1151 de
758 1112 914 1150 Iordani
945 1117 984 1151 et
1005 1111 1196 1150 Dietschii
1216 1114 1428 1151 novissima
1450 1113 1626 1151 editione

112 1177 286 1232 fecit¹³),
325 1179 433 1219 dictu
471 1178 633 1219 difficile
671 1191 757 1219 esse
797 1180 1049 1230 profiteatur,
1089 1191 1189 1231 quae
1229 1179 1330 1219 ratio
1368 1180 1473 1219 inter
1503 1178 1627 1219 libros

114 1252 267 1287 ceteros
297 1252 336 1286 et
366 1246 595 1286 Vaticanum
626 1245 864 1292 intercedat,
905 1258 1023 1297 quem
1059 1245 1205 1286 librum
1236 1246 1428 1286 Iordanus
1457 1245 1626 1287 arbitrio

112 1314 361 1366 grammatici
399 1318 589 1353 mutatum
621 1317 660 1352 et
690 1318 921 1364 corruptum
961 1325 1047 1352 esse
1073 1313 1254 1360 fortasse
1282 1324 1361 1353 non
1387 1312 1476 1354 sine
1499 1325 1627 1353 causa

113 1379 384 1420 contenderit:
425 1392 662 1431 quamquam
700 1378 801 1419 hanc
838 1380 1108 1431 quaestionem
1146 1381 1186 1418 in
1224 1381 1303 1425 eis,
1352 1392 1452 1432 quae
1489 1385 1625 1432 postea

113 1448 339 1500 disputavit,
371 1458 449 1486 non
481 1451 543 1486 est
571 1446 727 1497 longius
756 1450 1003 1498 persecutus.
1063 1446 1189 1498 Atque
1221 1458 1294 1497 ego
1324 1459 1501 1499 quoque,
1533 1459 1621 1486 cum

109 1515 282 1566 primum
316 1513 363 1552 ad
395 1512 552 1552 Sallusti
593 1512 717 1552 libros
754 1514 995 1552 accuratius·
1013 1513 1315 1564 pertractandos
1353 1514 1620 1568 accessissem,

110 1581 214 1620 hanc
251 1580 408 1619 Iordani
446 1580 681 1618 sententiam
720 1578 922 1631 amplexus
959 1591 1066 1625 sum;
1106 1579 1174 1618 sed
1212 1577 1354 1619 iterum
1395 1581 1620 1630 iterumque

111 1647 376 1698 disputatione
414 1646 480 1685 illa
518 1647 736 1685 examinata
774 1651 814 1684 et
850 1645 1044 1685 librorum
1078 1646 1284 1698 scripturis
1322 1648 1362 1685 in
1392 1648 1620 1686 universum

111 1713 328 1753 aestimatis
359 1714 421 1752 vix
453 1711 510 1751 illi
541 1711 830 1752 assentiendum
869 1723 955 1752 esse
992 1712 1089 1752 mihi
1120 1713 1225 1752 visus
1254 1725 1340 1752 sum
1376 1712 1619 1765 intellegere.

111 1780 166 1820 Ad
199 1780 304 1832 quod
343 1780 533 1819 iudicium
571 1779 716 1830 quibus
746 1779 967 1819 rationibus
1003 1785 1119 1831 atque
1156 1781 1399 1831 argumentis
1429 1780 1622 1820 adductus

109 1849 203 1893 sim,
236 1859 340 1886 nunc
370 1859 488 1899 quam
518 1846 765 1899 paucissimis
795 1858 999 1898 exponam.

220 1914 355 1965 ltaque
388 1915 558 1965 primum
589 1914 637 1952 de
660 1913 816 1952 Iordani
846 1915 1088 1963 argumentis
1118 1913 1386 1965 exemplisque
1417 1914 1619 1965 disputan-

202 2079 258 2122 10)
283 2079 400 2112 Aliam
425 2080 641 2113 sententiam
672 2081 861 2122 proposuit
885 2081 937 2113 Io.
964 2079 1101 2123 Caspar
1125 2079 1224 2113 Wirz
1254 2080 1293 2113 in
1325 2082 1620 2114 commentatione

109 2135 167 2169 ‘de
193 2135 259 2169 fide
282 2140 390 2179 atque
414 2136 633 2169 auctoritate
662 2135 796 2169 codicis
821 2135 1035 2169 Sallustiani
1068 2137 1129 2179 qui
1152 2136 1303 2170 Parisiis
1332 2137 1370 2170 in
1400 2136 1622 2170 bibliotheca

106 2191 284 2234 imperiali
308 2203 344 2226 n.
371 2193 457 2225 1576
481 2194 718 2232 asservatur’,
741 2191 896 2225 Aroviae
918 2192 1015 2225 edita
1039 2203 1071 2224 a.
1099 2193 1201 2233 1867,
1225 2193 1318 2226 libro
1341 2193 1509 2226 Parisino
1535 2194 1620 2226 1576

106 2247 274 2280 maiorem
304 2248 555 2280 auctoritatem
583 2247 766 2281 tribuens:
796 2248 897 2281 cuius
928 2248 1142 2281 sententiam
1174 2248 1381 2282 Eussnerus
1410 2259 1483 2282 non
1512 2249 1621 2291 plane

106 2303 284 2338 refutasse
313 2303 401 2336 mihi
423 2304 573 2337 videtur.
615 2304 836 2347 Quamquam
859 2296 951 2337 hanc
976 2304 1193 2337 laudabilem
1217 2314 1360 2347 operam
1381 2310 1419 2338 et
1439 2305 1619 2348 egregium

106 2358 234 2390 Wirzii
262 2359 418 2392 studium
448 2360 581 2392 i'niuria
611 2359 772 2402 despexit
801 2359 1029 2400 Gerlachius,
1067 2361 1129 2402 qui
1168 2370 1294 2393 rursus
1324 2360 1434 2393 alium
1465 2361 1619 2392 codicem

107 2408 280 2456 optimum
296 2425 375 2448 esse
392 2417 510 2458 putat,
528 2414 761 2448 Basiliensem
778 2415 813 2448 1:
837 2416 891 2448 ita
909 2419 960 2457 ut,
982 2426 1085 2458 quem
1104 2416 1256 2459 quisque
1271 2417 1473 2450 accuratius
1489 2415 1618 2449 librum

105 2470 322 2511 inspexerit,
348 2471 520 2513 optimum
544 2470 674 2503 habere
695 2471 869 2504 videatur.

197 2524 254 2567 11)
280 2524 582 2563 ‘Exercitationes
599 2525 840 2561 Sallustianae
857 2537 923 2560 scr.
942 2526 1053 2560 Adam
1069 2527 1242 2561 Eussner'
1259 2538 1293 2571 p.
1310 2528 1340 2560 5.
1382 2527 1481 2568 Quae
1496 2526 1615 2570 dispu-

54 2622 57 2624 ¹
105 2580 196 2613 tatio
220 2580 276 2614 bis
299 2581 337 2613 in
361 2581 545 2623 publicum
561 2582 706 2625 prodita
727 2586 796 2615 est:
822 2583 922 2625 prius
938 2583 977 2615 in
993 2582 1114 2616 libello
1132 2593 1202 2625 quo
1220 2583 1376 2616 societas
1399 2582 1617 2625 philolog-ica

104 2633 414 2677 wirceburgensis
438 2637 641 2680 philologos
662 2648 695 2670 a.
716 2638 802 2671 1868
825 2647 867 2670 eo
891 2639 1148 2671 convenientes
1172 2638 1348 2671 salutavit
1370 2648 1404 2680 p.
1422 2638 1614 2670 158—194:

104 2689 233 2722 iterum
264 2693 436 2732 quattuor
465 2694 608 2735 paginis
638 2695 745 2727 aucta
781 2693 825 2725 ad
854 2693 996 2726 veniam
1024 2693 1165 2735 legendi
1194 2692 1450 2736 impetrandam
1478 2691 1614 2725 Wirce-

104 2745 210 2787 burgi
233 2756 266 2778 a.
294 2746 395 2780 1868.

195 2801 251 2843 12)
275 2802 358 2834 init.
383 2804 537 2845 praefat.
561 2804 645 2840 edit.
669 2805 732 2846 IV,
757 2815 848 2847 quae
871 2806 1018 2848 Lipsiae
1041 2816 1072 2838 a.
1100 2806 1186 2839 1868
1208 2804 1351 2848 prodiit.

196 2854 252 2898 13)
275 2855 407 2891 Annal.
432 2859 591 2893 Heidelb.
614 2871 647 2894 a..
676 2861 762 2895 1868
787 2871 821 2904 p.
847 2860 1037 2895 881-907
1062 2864 1096 2893 et
1119 2872 1150 2896 a.
1176 2861 1261 2894 1869
1285 2870 1393 2894 mens.
1417 2858 1530 2902 April.
