1814 3042
1606 101 1660 143 21

8 269 25 274 ,μ
72 196 99 266 ,ῑ-
131 209 189 263 &et
213 219 432 265 ,cotidiana
457 216 644 269 loquendi
683 218 808 256 forma
846 221 1032 256 mutatam
1071 229 1178 256 esse:
1217 229 1315 268 quae
1355 222 1487 256 tamen
1517 228 1538 255 a
1570 228 1659 268 sen-

83 311 91 316 *
128 278 267 335 'tentia
287 285 489 327 abhorret.
536 283 669 336 ltaque
691 295 762 324 nos
781 284 823 323 in
846 282 908 322 his
927 283 1023 335 ipsis
1043 282 1156 322 libris
1176 295 1332 323 manum
1350 283 1659 323 emendatricem

146 342 445 408 deprehendere
484 363 561 391 non
600 351 746 391 iniuria
784 349 900 390 nobis
937 350 1133 390 videmur:
1172 351 1210 389 id
1249 351 1351 402 quod
1392 351 1440 390 de
1472 350 1546 390 hoc
1576 351 1659 390 solo

121 423 232 463 -loco
269 419 464 460 indicasse
503 419 598 458 satis
636 419 732 463 erit,
771 418 949 470 quamvis
986 417 1090 457 idem
1127 417 1268 457 cadere
1300 418 1336 456 in
1369 419 1449 458 Cat.
1480 415 1557 462 52,
1588 416 1657 458 35.

144 471 650 549 lug,14,1.'9.85,14
677 485 726 524 al.
758 484 1022 524 demonstrari
1055 486 1190 536 possit.

256 553 322 592 Sic
342 553 479 597 etiam,
511 563 627 604 quam
658 553 849 591 rationem
879 553 978 590 aitis
1008 553 1171 590 criticae
1202 551 1439 590 factitandae
1470 551 1657 591 lordanus

143 620 288 673 aliique
319 619 491 659 editores
520 619 645 658 secuti
676 619 755 658 sint
785 620 825 658 in
852 618 879 670 ξ
899 615 966 664 25,
998 619 1131 657 minus
1160 618 1372 669 perspicio,
1405 617 1472 657 ubi
1504 630 1550 657 ex
1572 619 1656 657 solo

100 709 104 711 -
142 688 181 726 Ρ
204 687 427 736 neqleqeris
452 685 683 725 ediderunt:
713 686 817 737 quod
847 690 977 724 tamen
1008 684 1307 724 fundamentum
1336 684 1445 723 valde
1475 686 1654 735 infringi-

79 778 85 781 -
112 796 116 798 ,
144 759 207 793 tur
236 753 321 792 loco
352 751 435 803 lug.
455 749 524 798 40,
549 749 583 797 l,
615 751 685 791 ubi
708 753 748 792 in
777 752 814 791 P
843 752 1064 804 ceterisque
1095 751 1209 791 bouis
1230 756 1389 803 praeter
1421 751 1521 791 [³³8
1543 750 1656 791 libris

141 821 379 868 neylexisset
407 819 571 870 legitur:
604 824 665 863 ut,
696 820 730 858 si
760 818 836 858 sibi
866 825 1048 858 constare
1070 819 1283 863 voluerint,
1315 818 1389 857 hoc
1418 831 1576 870 quoque
1606 819 1653 857 de

141 898 219 939 quo
249 886 497 936 disputamus
527 886 612 925 loco
643 886 682 928 C.
711 883 779 932 51,
802 883 856 926 25
885 887 1120 935 neqlexisset
1150 884 1344 924 edendum
1377 884 1510 925 fuerit.
1558 885 1655 926 Cum

144 965 236 992 vero
257 953 297 992 hi
319 951 393 992 loci
414 952 489 992 soli
509 954 607 997 sint,
631 954 671 992 in
690 952 837 1004 quibus
858 953 1007 993 formae
1037 965 1056 992 a
1083 954 1258 1003 perfecto
1278 951 1529 991 huius.verbi
1549 952 1654 992 deri-

141 1024 251 1058 vatae
290 1020 330 1058 in
370 1017 528 1058 Sallusti
575 1019 692 1059 libris
736 1019 941 1070 leguntur,
988 1031 1115 1071 neque
1153 1018 1248 1058 satis
1286 1019 1435 1058 firmam
1475 1019 1654 1058 codicum

120 1086 379 1136 ,scripturam
410 1097 496 1125 esse
529 1091 693 1138 utroque
731 1086 818 1125 loco
848 1086 1100 1125 manifestum
1131 1087 1205 1130 sit,
1244 1085 1369 1124 solum
1406 1085 1654 1137 probandum

139 1152 214 1191 hoc
243 1157 349 1204 puto,
383 1157 426 1191 ut
455 1152 536 1192 Cat.
566 1149 634 1198 51,
665 1150 721 1193 25
750 1154 790 1191 in
821 1154 865 1197 P,
898 1152 979 1203 lug.
1010 1150 1077 1198 40,
1112 1150 1132 1191 1
1164 1153 1205 1191 in
1239 1152 1537 1193 B3Perratum
1569 1165 1654 1192 esse

140 1231 161 1258 a
198 1218 396 1265 librariis,
436 1231 516 1259 non
553 1232 639 1259 esse
676 1219 738 1259 his
775 1220 912 1260 formis
948 1220 1031 1272 ipse
1069 1218 1278 1259 Sallustius
1316 1232 1411 1259 usus
1448 1220 1652 1260 credatur:

71 1312 75 1318 -
139 1298 376 1340 quamquam
409 1299 485 1326 non
517 1288 678 1339 ignarus
707 1300 844 1327 eorum
865 1300 964 1339 quae
986 1287 1089 1340 apud
1112 1286 1405 1326 Lachmannum
1428 1288 1469 1326 in
1492 1287 1649 1327 Lucret.

139 1366 177 1405 p.
208 1351 292 1393 350
321 1359 489 1393 exstant.
651 1390 655 1393 Α

250 1419 384 1472 Neque
417 1422 540 1472 magis
575 1420 815 1461 credendum
853 1426 914 1461 est
950 1420 976 1472 ξ
1005 1418 1060 1460 33
1098 1419 1223 1460 libros
1252 1421 1320 1460 PC
1349 1432 1481 1460 veram
1515 1421 1652 1461 verbo-

139 1498 226 1526 rum
265 1485 565 1528 collocationem
602 1499 798 1527 servasse:
838 1499 886 1527 ea
922 1499 987 1527 res
1023 1499 1231 1536 maynae
1260 1489 1454 1527 initium
1483 1489 1653 1528 cladis

133 1553 227 1601 fuit,
259 1565 348 1593 cum
378 1554 506 1594 nullus
534 1555 644 1594 locus
673 1559 799 1594 exstet
827 1567 904 1607 quo
935 1553 1145 1594 Sallustius
1175 1556 1232 1594 sic
1261 1556 1312 1594 sit
1342 1554 1506 1600 locutus,
1539 1557 1644 1594 eius-

138 1632 216 1672 que
258 1620 418 1662 dicendi
455 1624 592 1674 generi
629 1617 710 1661 sola
747 1627 835 1675 apta
872 1627 910 1661 et
955 1623 1099 1661 usitata
1143 1623 1194 1661 sit
1232 1622 1409 1661 Vaticani
1448 1624 1647 1673 scriptura

139 1688 339 1727 initium
368 1699 578 1739 maynae
604 1689 770 1728 cladis
799 1689 886 1728 fuit.

245 1753 293 1811 ,In
330 1755 357 1806 ἓ
382 1753 448 1796 -40
486 1767 641 1809 quoque
674 1767 808 1796 verum
847 1755 920 1795 soli
961 1755 1146 1795 Vaticano
1184 1755 1365 1795 debetur.
1436 1755 1511 1795 Ubi
1543 1757 1646 1808 quod

138 1821 281 1874 reliqui
318 1834 454 1863 omnes
481 1826 780 1864 circumvenire
815 1822 1022 1868 exhibent,
1062 1823 1101 1862 id
1130 1822 1324 1874 quomodo
1358 1820 1646 1874 Gerlachius³⁴)

137 1888 352 1929 defendere
382 1892 505 1942 possit
535 1903 611 1930 non
642 1890 773 1936 video,
813 1894 857 1930 ut
886 1895 994 1929 recte
1025 1890 1254 1933 Iordanum,
1294 1890 1555 1932 Dietschium‚
1588 1890 1647 1929 la-

137 1954 315 1996 cobsium
345 1958 641 1998 circumvenire·
667 1956 847 1997 edidisse·
867 1968 1030 2010 prorsus
1060 1968 1290 2009 persuasum
1322 1956 1500 1998 habeam.

248 2023 359 2063 Nunc
397 2036 507 2069 vero,
549 2031 591 2065 ut
620 2017 738 2077 supra
769 2026 1039 2077 promisimuS,
1078 2024 1291 2076 repetenda
1329 2030 1388 2063 est
1426 2025 1541 2064 uobis
1570 2025 1648 2064 loci

136 2090 219 2129 Cat.
250 2087 324 2135 52,
360 2089 381 2130 1
415 2093 624 2138 memoria,
662 2092 731 2145 qui
767 2093 809 2132 in
839 2104 976 2132 eorum
1008 2104 1173 2132 numero
1204 2096 1284 2138 est,
1327 2104 1426 2145 quos
1455 2091 1646 2133 Iordanus

134 2157 298 2207 protulit
318 2163 361 2197 ut
380 2158 527 2199 librum
556 2161 590 2199 V
619 2171 639 2198 a
670 2161 928 2209 grammatico
949 2160 1081 2211 aliquo
1102 2165 1327 2199 correctum
1358 2171 1443 2198 esse
1472 2159 1645 2198 doceret.

62 2254 68 2256 s
135 2221 211 2262 Sed
244 2223 282 2263 id
314 2225 531 2273 immerito,
574 2230 617 2266 ut
656 2226 828 2267 videtur:
867 2238 956 2266 nam
995 2225 1168 2266 dubitari
1205 2226 1267 2266 vix
1306 2238 1421 2278 posse
1460 2223 1643 2272 arbitror,

138 2294 226 2328 utra
258 2303 360 2334 vera,
372 2292 581 2332 verborum
602 2293 808 2333 collocatio
829 2295 891 2333 sit.
952 2295 987 2332 V
1004 2295 1109 2333 enim
1130 2294 1235 2333 hunc
1256 2293 1436 2332 ordinem
1456 2292 1641 2344 praebet:

133 2356 248 2406 lonae
276 2360 385 2399 alia
414 2360 534 2401 mihi
559 2371 667 2402 mens
694 2365 769 2408 est,
807 2373 925 2414 quem
956 2353 1073 2401 etiam
1105 2361 1265 2402 Servius
1303 2360 1415 2401 Fuld.
1448 2361 1495 2401 ad
1528 2360 1639 2412 Verg.

134 2423 229 2462 Aen.
251 2424 288 2470 Ι,
313 2423 365 2468 13
384 2431 570 2468 testatur:
600 2429 752 2481 primae
773 2432 903 2468 autem
925 2428 1061 2468 classis
1084 2428 1177 2468 libri
1208 2427 1356 2468 habent
1382 2430 1500 2478 lonae
1528 2429 1646 2467 mihi

134 2491 240 2531 alia
278 2503 386 2535 mens
421 2500 498 2536 est:
538 2496 593 2536 sic
630 2501 761 2537 autem
797 2501 904 2536 recte
946 2495 1062 2536 verba
1102 2496 1291 2536 collocata
1330 2509 1415 2536 esse
1457 2495 1643 2535 lordanus

133 2564 345 2642 propterea
394 2568 523 2613 putat,
570 2563 672 2615 quod
723 2563 931 2603 Sallustius
974 2575 1192 2622 pronomen
1241 2563 1446 2615 personale
1492 2564 1640 2613 primae

222 2669 289 2712 34)
303 2640 1026 2712 Anna1.Heide1b.1868·‘cireumvenire
1049 2675 1098 2708 ist
1122 2685 1180 2707 um
1204 2686 1243 2708 so
1260 2675 1416 2715 weniger
1433 2684 1476 2705 zu
1494 2674 1640 2714 andern,

132 2723 188 2756 als
217 2724 280 2758 das
310 2726 481 2768 Begehen
510 2728 574 2762 der
602 2729 743 2764 Thaten
772 2731 844 2765 viel
874 2730 1017 2764 starker
1045 2731 1100 2764 als
1132 2731 1194 2763 das
1224 2729 1428 2764 Geschehen
1459 2729 1525 2762 den
1550 2728 1640 2763 Sinn

131 2777 193 2812 des
217 2778 308 2813 Sinn
333 2781 395 2816 des
416 2782 694 2820 Schriftstellers
716 2786 927 2828 ausdfiickt,
951 2786 1059 2820 daher
1083 2788 1318 2820 circumvenire
1342 2785 1442 2818 nicht
1466 2785 1531 2818 mit
1549 2787 1640 2827 fieri,

65 2859 68 2862 Δ
134 2833 287 2869 scudem
313 2837 379 2870 mit
404 2839 471 2871 alia
494 2841 649 2883 parallel
671 2842 796 2876 steht’.
