1814 3042
140 195 422 249 enuntiationis
452 195 538 241 voci
566 192 806 246 subiungere
831 193 964 235 soleat.
1016 192 1141 240 Quam
1171 193 1298 246 legem
1331 206 1426 236 uum
1445 192 1657 235 Sallustius
1708 211 1712 232 z

140 262 217 303 sibi
246 261 497 315 imposuisset
526 265 571 301 ut
601 272 906 312 cognoscerem,
938 273 1075 301 omnes
1105 260 1266 301 Sallusti
1295 260 1404 301 locos
1432 260 1656 312 perscruta·
1686 316 1688 318 -
1737 270 1746 286 -·
1806 291 1814 300 .

140 335 205 370 tus
235 327 420 372 nonnulla
451 326 660 368 subtiliora
698 328 800 368 haud
839 340 925 368 esse
963 327 1206 380 neglegenda
1244 329 1389 368 inveni.
1439 327 1537 369 Nam
1566 316 1680 369 cum'

139 396 301 436 omnino
330 395 478 448 aliquid
509 396 671 434 intersit
709 396 815 435 inter
846 407 892 435 ea
929 395 1105 447 exempla
1136 396 1179 434 in
1210 394 1357 447 quibus
1393 394 1657 435 nominativus

139 462 386 516 pronominis
416 461 634 516 reperitur,
666 467 782 516 atque
813 460 878 502 illa
905 463 944 502 in
975 461 1118 516 quibus
1145 474 1260 503 casus
1288 461 1471 515 obliquus
1498 462 1655 514 legitur,

139 536 221 569 tum
252 532 294 569 in
325 531 519 569 sententia
550 535 668 582 atque
699 531 737 568 in
769 530 816 574 vi,
848 541 965 581 quam
996 520 1152 582 quoqu'e
1177 528 1263 568 loco
1283 540 1502 580 pronomen
1525 528 1656 573 babet,

138 608 337 638 summum
368 601 612 637 momentum
642 596 810 648 positum
842 601 913 636 est.
963 595 1005 636 Si
1036 597 1140 637 enim
1169 596 1271 636 intra
1303 597 1470 648 primam
1502 594 1656 650 etalte-

137 675 223 704 ram
255 664 539 704 enuntiatIonis
568 675 702 702 vocem
733 663 940 707 inseritur,
980 664 1038 702 vis
1076 668 1115 702 et
1151 664 1320 714 gravitas
1351 663 1435 702 eius
1465 652 1657 702 minuitur

139 743 269 784 neque
303 729 418 770 aliam
452 730 545 770 illud
577 742 694 783 quam
713 731 857 781 xgraeci
887 730 1080 769 sermonis
1118 729 1322 769 encliticae
1355 728 1428 768 vim
1458 727 1655 781 habet³⁵):

139 800 272 850 itaque
309 798 412 837 hanc
449 796 747 836 collocationem
784 797 1012 849 saepissime
1051 794 1122 846 (xl
1151 795 1270 848 locis)
1308 797 1545 848 reperimus,
1589 795 1657 836 ubi

138 866 237 905 milei
264 863 311 904 ad
341 864 497 904 videtur
536 862 697 903 verbum
735 863 909 914 pertinet
939 874 1065 914 neque
1096 861 1214 902 ullius
1243 863 1326 902 fere
1366 863 1551 915 ponderis
1582 868 1654 903 est.

138 931 250 978 Quod
300 930 459 984 quidem
516 931 556 970 in
615 929 720 969 bunc
778 929 907 970 locum
959 941 1208 982 nequaquam
1257 930 1379 970 cadit:
1441 942 1529 969 nam
1581 931 1657 971 iam

139 1000 255 1039 initio
276 998 465 1038 orationis
487 998 581 1038 Cato
602 996 716 1048 longe
737 996 852 1036 aliter
874 1002 992 1050 atque
1011 997 1220 1038 Caesarem
1241 1008 1457 1050 omnesque
1479 1009 1558 1043 eos,
1590 999 1658 1050 qui

139 1065 283 1106 leniter
313 1064 362 1104 de
392 1065 559 1104 crimine
586 1068 625 1103 et
653 1075 778 1115 poena
815 1063 1134 1104 Catilinariorum
1158 1069 1348 1109 statuant,
1387 1076 1473 1104 sese
1511 1065 1659 1104 sentire

140 1133 248 1173 dicit.
318 1131 453 1184 ltaque
489 1131 586 1170 mihi
621 1141 840 1183 pronomen
879 1142 957 1170 non
1006 1143 1094 1170 eum
1133 1130 1262 1171 locum
1300 1129 1481 1170 obtinere
1517 1136 1657 1184 potest,

139 1212 217 1252 quo
256 1200 427 1249 positum
466 1200 574 1238 omni
616 1199 650 1237 vi
686 1199 882 1249 privatur,
921 1197 989 1237 sed
1033 1204 1140 1237 recte
1178 1199 1234 1237 sic
1273 1203 1420 1238 tantum
1451 1198 1676 1238 scribitur:x

139 1269 258 1315 lonae
293 1266 375 1304 alia
412 1264 511 1304 mihi
547 1276 656 1304 mens
692 1268 760 1303 est.
819 1263 1044 1303 Sententiae
1092 1269 1221 1303 autem
1260 1264 1453 1304 rationem
1491 1263 1658 1316 diligen-

139 1333 292 1372 tissime
338 1344 357 1370 a
394 1329 578 1370 Sallustio
621 1329 792 1370 habitam
837 1343 924 1370 esse
967 1342 1094 1382 neque
1131 1331 1259 1381 legem
1296 1330 1402 1370 illam
1439 1342 1658 1381 pronomen

140 1398 264 1437 altero
301 1397 582 1437 enuntiationis
612 1396 700 1436 loco
731 1396 902 1449 ponendi
931 1401 1158 1437 constanter
1187 1409 1277 1437 eum
1301 1408 1386 1436 esse
1408 1402 1584 1438 secutum
1616 1397 1658 1438 hi

140 1464 216 1505 loci
237 1463 399 1504 docent:
432 1463 514 1504 Cat.
536 1460 575 1509 2,
597 1460 624 1503 9
653 1474 787 1504 verum
817 1465 919 1503 enim
950 1474 1040 1504 vero
1069 1465 1103 1504 is
1132 1464 1286 1504 demum
1315 1464 1412 1504 mihi
1438 1466 1569 1506 vivere
1597 1471 1657 1505 αι·

139 1543 217 1582 que
240 1532 336 1580 frui
363 1533 498 1570 am'ma
536 1531 708 1576 videtum
747 1529 846 1570 Hist.
878 1530 914 1575 1,
945 1528 1020 1576 41,
1056 1530 1075 1569 1
1110 1533 1341 1587 plurumum
1377 1533 1528 1572 timoris
1563 1532 1662 1571 mihi

133 1599 320 1648 faciunt;
360 1597 460 1637 ibid.
493 1597 530 1642 l.
561 1595 638 1643 41,
672 1594 724 1637 18
766 1602 809 1636 at
846 1597 1012 1637 obiectat
1047 1595 1146 1637 mim·
1174 1599 1434 1648 possessiones
1464 1610 1497 1637 e.
1528 1612 1567 1651 q.
1599 1611 1657 1645 s.;

94 1658 99 1663 ’
140 1665 195 1705 ib.
228 1664 265 1709 l,
293 1661 368 1709 41,
390 1661 466 1708 26,
491 1662 638 1714 aliique
659 1662 824 1703 similes:
857 1662 1000 1715 quibus
1032 1663 1238 1714 exemplis,
1269 1669 1413 1716 quanta
1442 1676 1532 1704 cum
1563 1677 1657 1704 cura

140 1731 350 1772 Sallustius
394 1731 451 1769 sic
491 1730 715 1782 scripserit,
759 1730 906 1781 optime
943 1729 1116 1781 intellegi
1153 1736 1296 1781 potest.
1363 1730 1497 1783 ltaque
1541 1733 1657 1771 etiam

139 1799 222 1839 Cat.
253 1795 328 1843 51,
361 1794 416 1837 35
453 1795 596 1836 librum
637 1796 674 1835 V
697 1796 823 1837 solum
854 1798 1063 1849 pristinam
1094 1797 1330 1850 scripturam
1362 1808 1538 1838 servasse
1561 1804 1658 1850 puto

139 1859 257 1914 atque
285 1865 385 1904 haec
420 1875 493 1913 eqo
531 1863 668 1915 (ceteri
707 1870 824 1912 atque
859 1875 934 1912 eqo
968 1865 1068 1904 haec
1096 1863 1324 1916 praebent),
1367 1876 1456 1904 cum
1486 1866 1528 1904 in
1557 1866 1684 1905 haec*

140 1944 234 1972 voce
265 1942 463 1972 summum
492 1936 734 1971 momentum
766 1931 937 1982 positum
960 1932 1031 1977 sit,
1061 1931 1164 1983 quod
1185 1942 1258 1981 eqo
1279 1933 1513 1984 pronomine
1532 1932 1657 1972 iuter-

140 1999 264 2049 posito
304 1997 407 2036 baud
447 1996 619 2047 paullum
658 1996 854 2036 debilitari
889 1997 1140 2037 manifestum
1171 2004 1245 2038 est.
1307 1999 1449 2038 Caesar
1479 1999 1583 2037 enim
1614 2005 1658 2038 ut

140 2069 321 2104 senatum
360 2063 550 2115 impediat
586 2064 796 2115 quominus
837 2065 878 2104 in
915 2064 1122 2105 Catilinam
1154 2066 1317 2117 eiusque
1347 2065 1473 2105 socios
1502 2067 1658 2117 gravius
1698 2067 1703 2069 ”

139 2130 445 2174 animadvertat,
484 2135 652 2181 quantae
693 2130 925 2184 calamitatis
964 2136 1082 2182 atque
1118 2133 1302 2171 miseriae
1332 2131 1463 2171 Sullae
1494 2134 1658 2172 victoria

138 2199 305 2250 eiusque
337 2197 667 2248 proscriptiones,
708 2196 921 2237 laetissimo
952 2198 1084 2237 animo
1113 2198 1243 2250 primo
1273 2204 1476 2250 receptae,
1515 2211 1658 2239 causae

139 2265 291 2304 suerint
323 2262 528 2309 describit,
559 2269 770 2315 monetque
801 2269 946 2316 quauta
978 2265 1018 2303 in
1049 2264 1150 2304 mala
1181 2270 1260 2304 tam
1290 2277 1450 2305 severae
1481 2265 1657 2305 animad-

140 2332 344 2371 versiones
376 2335 530 2369 vertere
555 2332 728 2382 possint;
761 2324 809 2369 ne
841 2337 970 2371 tamen
994 2331 1231 2372 Ciceronem
1261 2334 1425 2384 eiusque
1447 2332 1656 2372 factionem

139 2397 325 2442 offendat,
357 2398 488 2436 statim
520 2396 664 2436 subicit
693 2403 812 2446 atque
840 2398 942 2436 haec
970 2409 1042 2446 eqo
1071 2400 1192 2448 (tauta
1220 2399 1316 2438 mala
1340 2403 1564 2451 tantamque
1593 2410 1657 2437 ca-

137 2464 368 2514 lamitatem)
399 2474 477 2502 non
506 2465 547 2501 in
577 2464 632 2502 M.
665 2463 794 2503 Tullio
823 2476 949 2514 neque
975 2465 1036 2503 his
1065 2466 1305 2514 temporibus
1334 2476 1488 2516 vereor,
1518 2465 1591 2505 sed
1616 2465 1656 2503 in

139 2541 290 2581 maqna
318 2531 482 2570 civitate
510 2531 636 2569 multa
664 2535 701 2569 et
729 2532 844 2570 varia
873 2532 1035 2580 inqem'a
1063 2537 1166 2572 sunt.

253 2597 319 2638 Sic
350 2599 470 2637 etiam
499 2593 577 2642 52,
612 2596 663 2637 18
700 2597 782 2637 sola
823 2610 911 2638 vera
951 2603 1009 2638 est
1042 2598 1136 2639 libri
1174 2601 1209 2639 V
1239 2600 1429 2639 memoria
1458 2599 1655 2640 intentius,

139 2667 319 2719 quamvis
357 2676 496 2704 omnes
541 2664 684 2717 reliqui
722 2667 907 2706 (tuentius
945 2665 1174 2706 exhibeant:
1222 2666 1340 2719 idque
1378 2677 1457 2707 non
1494 2677 1569 2706 una
1607 2664 1656 2704 de

230 2809 287 2851 35)
312 2809 355 2842 cf.
384 2809 423 2842 R.
450 2808 634 2842 Klotzium
662 2809 705 2842 ad
730 2809 802 2846 cic.
827 2810 929 2844 Lael.
952 2812 984 2853 4,
1011 2812 1051 2844 16
1075 2822 1108 2855 p.
1136 2812 1209 2845 113.
1696 2833 1699 2836 -
1733 2855 1738 2858 ,
1771 2792 1812 2848 [ἢ
