1814 3042
2 2 90 29 ‚3'5-{*⁴'“.
120 10 135 35 ζ
164 2 175 24 ζ·
225 4 227 8 “

103 191 182 241 >est
209 186 350 226 civitas
380 184 588 234 Afrorum,
618 186 734 225 cuius
762 186 915 224 moenia
946 191 1024 224 rex
1042 183 1148 224 Iuba
1167 185 1322 235 triplici
1338 192 1452 232 muro
1470 182 1621 234 saepsit
1629 192 1669 230 ς’.
1704 173 1814 215 ’ἕ

124 254 229 295 mor.
268 254 305 299 1,
335 252 364 293 4
398 252 467 293 hic
505 254 659 292 moenia
691 263 806 292 muro
843 252 1056 301 amplexus
1090 256 1162 291 est.
1231 251 1364 304 Itaque
1400 249 1641 303 quicumque
1715 254 1812 303 ,ἢ

108 321 220 360 ‘haec
257 320 398 370 legerit
434 320 546 359 intra
591 320 745 358 moenia
790 322 912 367 atque
948 319 990 357 in
1025 317 1136 367 sinit,
1184 319 1318 359 statim
1359 318 1469 359 urbis
1510 310 1640 358 notio-
1734 326 1739 327 ⁷

124 400 235 432 nem,
275 398 376 437 quae
414 386 574 437 quidem
605 387 759 425 moenia
788 397 882 424 voco
919 386 999 442 iam⁴
1028 375 1123 424 satis
1152 386 1370 436 significata
1399 390 1478 431 est,
1516 373 1664 425 menti

124 451 377 493 informabit:
407 451 514 504 quod
536 463 608 491 cur
638 452 724 491 fieri
754 463 832 491 non
855 452 995 503 possit,
1026 462 1144 502 aegre
1164 451 1385 503 intellegas.
1432 451 1639 503 Quod-igi·
1670 474 1675 481 ·

125 525 188 558 tur
216 519 408 558 lordanus
438 518 541 558 libro
583 520 616 557 V
645 520 735 557 vitio
767 519 896 563 vertit,
927 519 967 557 in
998 517 1112 557 laude
1143 519 1274 569 potius
1295 518 1520 569 ponendum
1551 530 1638 558 esse

123 590 236 637 puto,
276 585 535 637 existimoque
574 584 646 624 hoc
684 596 841 637 quoque
882 583 1062 637 exemplo
1097 584 1233 624 doceri
1261 596 1378 637 posse
1410 585 1640 625 Vaticanum

123 653 249 692 solum
283 665 415 692 veram
446 653 682 703 scripturam
712 663 902 696 servasse,
937 651 1112 703 reliquos
1142 663 1279 691 omnes
1310 652 1374 690 viti
1405 641 1637 704 interpretis

121 719 390 777 additamento
420 723 631 771 corruptos
661 730 761 758 esse.
822 718 951 758 Unum
989 722 1120 758 autem
1160 717 1231 758 hac-
1269 717 1397 758 oblata
1433 719 1639 761 occasione

125 788 258 827 statim
291 787 470 831 adiciam,
502 786 564 825 cui
595 785 696 825 alius
716 786 826 825 locus
857 787 918 824 vix
943 786 1071 838 aptior
1094 786 1188 825 erit.‘
1235 785 1354 825 Valde
1375 787 1481 825 enim
1503 787 1638 831 miror,

121 853 227 905 quod
259 853 481 893 Dietschtns
512 851 669 891 lordani
691 852 739 891 de
771 853 807 890 V
831 846 1021 891 iudicium
1043 852 1258 904 amplexus,
1291 857 1421 893 tamen
1444 851 1638 898 hocloco,

125 922 190 959 cui
230 920 423 959 Iordanus
460 924 611 958 tantum
649 924 839 970 quantum
878 918 977 958 nulli
1008 919 1091 958 lere
1123 919 1188 958 alii
1218 919 1372 965 tribuit,
1404 921 1640 965 sententiam

123 999 241 1038 quam
271 986 366 1026 olim
398 985 576 1025 defendit
605 987 831 1025 etiamnunc
861 998 994 1025 veram
1026 997 1111 1026 esse
1149 987 1236 1026 iure
1265 990 1397 1038 putat,
1429 990 1473 1026 ut
1501 987 1570 1039 qui
1600 987 1639 1025 in

123 1054 334 1092 novissima
355 1052 519 1091 Sallusti
550 1052 723 1091 editione
745 1052 841 1091 haec
863 1052 1030 1092 scribat:
1062 1054 1187 1091 ‘urbis
1214 1053 1429 1092 etiamnum
1449 1052 1639 1102 glossema

125 1120 287 1160 iudico'.
339 1118 470 1163 Vnde.
510 1130 627 1170 quam
651 1118 826 1171 paullum
856 1119 921 1159 hic
951 1131 1109 1171 quoque
1140 1120 1199 1158 vir
1226 1119 1366 1159 doctus
1395 1131 1535 1171 reapse
1562 1119 1640 1159 sibi

124 1187 367 1231 constiterit,
408 1186 663 1225 manifestum
694 1191 769 1225 est.
830 1185 907 1225 Sed
938 1186 1117 1238 quamvis
1153 1186 1249 1225 haec
1285 1187 1340 1225 ita
1371 1188 1470 1231 sint,
1512 1191 1639 1226 tamen

70 1300 73 1304 .
119 1258 163 1292 ut
193 1266 278 1293 eam
309 1264 427 1304 quam
459 1252 696 1292 defensurus
727 1265 814 1291 sum
854 1253 901 1291 de
943 1254 975 1290 V
1003 1254 1239 1293 sententiam
1272 1264 1402 1291 veram
1434 1264 1520 1291 esse
1549 1264 1639 1303 pro-

122 1319 232 1365 bem,
264 1319 367 1359 haud
401 1319 658 1359 mediocriter
689 1320 775 1371 ipsa
806 1319 995 1359 Dietschii
1025 1321 1066 1359 in
1096 1318 1384 1359 constituendis
1416 1318 1547 1358 verbis
1576 1331 1638 1359 ra—

121 1389 228 1426 tione
265 1386 440 1426 adiuvor.
508 1385 546 1425 Is
586 1387 712 1431 enim,
763 1398 880 1437 quem
920 1386 1079 1425 Sallusti
1116 1385 1305 1438 loquendi
1344 1386 1639 1426 consuetudinis

121 1455 407 1506 peritissimum
444 1454 719 1505 sanissimique
759 1453 893 1493 iudicii
931 1455 1059 1493 virum
1098 1466 1184 1493 esse
1229 1466 1345 1493 nemo
1384 1465 1533 1505 aequus
1579 1455 1639 1493 in-

121 1520 330 1565 finiabitur,
375 1520 546 1559 sedecim
592 1520 691 1559 locis
735 1519 910 1559 Vaticani
954 1521 1191 1572 scripturam
1236 1519 1504 1572 recipiendam
1550 1532 1636 1560 esse

122 1587 239 1633 vidit,
285 1586 431 1639 quibus
469 1587 657 1627 lordanus
694 1586 838 1626 librum
877 1587 914 1625 P
946 1593 1102 1628 secutus
1141 1592 1220 1632 est,
1267 1591 1383 1638 atque
1427 1584 1508 1626 sex¹
1541 1587 1640 1627 locis

91 1646 96 1651 ’
120 1655 241 1695 huius
271 1654 366 1695 libri
396 1655 633 1704 scripturam
665 1655 852 1705 optimam
885 1654 944 1693 vel
975 1656 1060 1706 ipse
1090 1653 1276 1694 Sallustio
1307 1654 1526 1704 digniorem
1553 1666 1640 1694 esse

122 1721 230 1766 dicit,
262 1721 440 1771 quamvis
471 1720 624 1759 lordani
655 1720 704 1759 de
736 1721 770 1759 V
795 1723 1032 1760 sententiam
1053 1721 1257 1772 amplexus
1276 1720 1443 1769 Parisini
1472 1720 1638 1771 scriptu-

127 1800 210 1829 ram
250 1790 292 1828 in
329 1787 510 1828 ordinem
550 1786 757 1827 verborum
798 1789 1014 1841 receperit:
1061 1793 1225 1840 propter
1261 1788 1365 1840 quod
1405 1786 1651 1839 obsequium.

129 1868 218 1895 eum
258 1867 352 1896 sane
389 1855 690 1907 vituperandum
731 1867 816 1894 esse
855 1861 972 1908 puto,
1026 1861 1070 1895 ut
1106 1856 1187 1895 Cat.
1226 1852 1300 1899 58,
1344 1852 1395 1893 12
1431 1854 1501 1899 ubi
1540 1854 1638 1894 haec

123 1924 298 1976 scripsit:
337 1923 656 1972 ‘adorediamini
683 1935 717 1962 c.
750 1922 782 1962 J.
833 1922 1079 1975 Quamquam
1111 1925 1367 1974 imperativus
1402 1923 1559 1973 gravior
1597 1928 1637 1961 et

121 1991 311 2032 Catilinae
342 1991 505 2041 ingenio
537 1991 667 2041 aptior
698 1989 888 2036 videtu1'3
921 1995 960 2030 et
980 1989 1071 2041 ing.
1103 1988 1170 2035 31,
1195 1988 1251 2030 25
1281 1991 1483 2030 ‘omittatis
1514 2001 1548 2028 c.
1579 1981 1634 2040 JJ]

119 2060 312 2098 amittatis
341 2057 446 2108 quod
477 2058 612 2096 nescio
643 2068 774 2095 annon
806 2059 1011 2108 proprium
1041 2058 1163 2096 fuerit
1194 2057 1386 2095 Sallusti’.

232 2124 360 2164 Unum
400 2135 447 2162 ex
492 2122 677 2163 omnibus
722 2135 822 2175 quae
869 2123 1058 2163 Iordanus
1095 2118 1225 2163 attulit
1262 2123 1451 2175 exemplis
1489 2123 1636 2174 aliquid

118 2191 250 2230 valere
281 2189 477 2234 concedo,
509 2190 687 2241 quamvis
717 2202 796 2229 non
826 2189 865 2228 id
897 2192 969 2235 sit,
1009 2202 1057 2229 ex
1096 2202 1174 2241 quo
1204 2195 1391 2242 sequatur
1422 2189 1564 2229 librum
1604 2193 1637 2231 V

118 2258 289 2299 consilio
319 2262 512 2297 mutatum
534 2269 633 2303 esse,
665 2258 733 2297 sed
755 2257 830 2297 hoc
851 2258 994 2309 potius,
1026 2269 1117 2298 eum
1143 2262 1185 2297 ut
1204 2257 1264 2297 vel
1286 2258 1477 2310 opt²mum
1498 2270 1634 2310 quem-

118 2338 194 2379 que
234 2325 412 2365 codicem
452 2323 704 2364 librariorum
746 2325 851 2364 vitiis
888 2337 968 2364 non
1011 2325 1126 2377 plane
1166 2337 1318 2364 vacare.
1385 2324 1518 2377 ltaque
1557 2337 1635 2364 non

120 2397 270 2432 tantum
303 2391 393 2432 huic
424 2390 509 2431 loco
540 2397 729 2443 quantum
760 2391 949 2432 lordanus
987 2391 1210 2432 tribuerim.
1273 2392 1351 2432 Res
1381 2397 1511 2431 autem
1538 2391 1635 2432 haec

118 2465 190 2499 est.
230 2460 314 2511 lug.
337 2456 403 2504 85,
430 2457 482 2498 16
513 2459 552 2497 in
584 2458 768 2499 omnibus
798 2464 955 2510 praeter
978 2460 1208 2499 Vaticanum
1239 2458 1355 2499 libris
1380 2459 1479 2500 haec
1499 2458 1635 2510 legun-

117 2532 200 2567 tur:
233 2538 282 2566 ac
310 2528 348 2566 se·
374 2528 456 2566 iam
485 2537 539 2564 ex
564 2527 801 2575 patribus
830 2527 965 2566 Albim·
1000 2531 1071 2566 aut
1100 2526 1262 2566 Bestiae
1297 2528 1443 2576 quaeri
1462 2530 1637 2576 posset

115 2606 230 2634 mene
266 2605 318 2632 an
358 2595 448 2632 illos
481 2604 534 2632 ex
563 2605 604 2632 se
630 2594 747 2642 qiqni
772 2595 1007 2646 maluerint,
1039 2586 1137 2643 qvid
1164 2604 1428 2644 responsuros
1456 2583 1632 2640 creditis,

115 2663 195 2701 nisi
220 2671 304 2700 sese
332 2660 474 2700 liberos
504 2670 623 2710 quam
654 2665 830 2710 optumos
859 2662 1093 2706 voluisse,
1130 2659 1233 2701 liber
1271 2661 1308 2699 V
1334 2664 1464 2699 autem
1493 2664 1635 2710 matre,

110 2729 250 2779 possit,
280 2729 467 2767 maluisse
496 2726 674 2779 praebet.
735 2725 818 2772 Qua
848 2729 890 2766 in
921 2729 1144 2778 scripturae
1165 2727 1429 2778 discrepantia
1459 2727 1562 2769 iure,
1593 2730 1636 2764 ut
1696 2760 1703 2765 .

118 2794 216 2836 mihi
247 2794 406 2848 quidem
438 2794 606 2840 videtur,
640 2793 864 2834 Dietschius
885 2795 1004 2835 etiam
1027 2796 1067 2834 in
1086 2794 1300 2834 novissima
1322 2792 1495 2833 editione
1508 2792 1635 2842 possit
