1814 3042
47 32 63 48 .,
139 34 284 113 m,

140 185 364 238 posuerim:
404 183 671 241 Gerlaobium·
695 188 828 223 autem
863 183 1040 231 modeste
1070 184 1290 225 monuerim
1321 183 1520 236 exempla.
1559 174 1672 242 quae

100 254 102 256 ’
139 253 182 292 in
218 250 503 303 praepositioni
541 249 813 291 defendendae
849 247 1059 302 attulit⁴¹),
1107 262 1186 290 non
1230 251 1338 293 omni
1383 263 1431 293 ex
1469 255 1579 304 parte
1616 251 1659 291 in
1719 250 1731 266 ³

141 317 301 358 Sallusti
336 316 458 358 verba
488 317 706 370 quadrare;
744 323 827 358 tum
863 329 956 357 vero
992 318 1178 363 maxime,
1210 317 1339 357 locum
1378 330 1456 370 quo
1493 326 1674 370 praepo·v
1718 309 1729 323 ²
1757 335 1760 337 >

140 385 234 424 sitio
262 384 302 424 in
341 383 454 426 libris
489 397 563 426 ms.
600 384 787 425 collocata
832 390 894 425 est
936 397 958 425 a
995 396 1179 425 sermone
1224 379 1401 437 pedestri
1437 384 1552 437 plane
1589 383 1659 425 ab·

140 451 318 498 horrere,
349 457 394 492 ut
423 451 482 493 vel
504 450 806 505 bincrappareat
835 464 920 493 eam
951 465 972 492 a
996 451 1183 492 Sallustio
1210 463 1289 491 non
1319 463 1405 492 esse
1424 453 1656 504 profectam.

251 529 456 570 Nonitem
478 530 505 580 ἓ
526 528 553 569 3
575 530 679 569 inter
705 531 810 569 viros
832 529 968 569 doctos
988 530 1185 574 convenit,
1209 528 1277 568 ubi
1302 528 1394 568 libri
1415 530 1523 569 vario
1539 529 1659 569 vmodo

139 595 381 649 discrepant,
412 597 467 638 ita
496 608 588 635 vero
617 602 661 636 ut
681 596 832 649 primae
851 595 989 636 elassis
1009 594 1101 636 libri
1126 595 1354 647 interpolati
1384 608 1469 636 esse
1501 596 1658 636 videan-

140 669 224 702 tur:
258 664 306 705 Ρι
334 665 440 704 enim
456 673 625 713 possem,
656 663 724 703 PC
736 673 853 713 posse
866 656 939 709 me,
980 663 1017 703 V
1036 674 1155 712 posse
1172 663 1358 716 prodidit.
1410 664 1464 702 Ac
1485 664 1658 714 primum
1714 674 1721 682 ·

140 729 298 782 quidem
338 729 412 770 hoc
452 730 666 770 dicendum
706 730 881 774 videtur,
921 742 993 783 per
1032 741 1074 770 se
1112 728 1251 770 horum
1292 728 1391 770 nihil
1423 742 1444 769 a
1475 741 1658 770 sermone

139 797 262 836 latino
294 798 465 838 alienum
488 798 596 837 esse:
630 796 708 837 duo
732 798 854 848 igitur
879 797 1128 848 respicienda
1150 809 1237 837 esse
1258 802 1439 849 apparet,
1472 798 1663 837 orationis

142 864 447 905 concinnitatem
485 870 603 918 atque
642 864 968 904 consuetudinem
999 863 1292 905 Sallustianam.
1351 863 1435 910 Qua
1472 866 1512 905 in
1544 876 1659 905 causa

143 943 163 970 a
197 943 289 971 vero
327 930 516 972 aberrare
555 931 654 971 mihi
692 932 877 972 videntur
913 931 982 984 qui
1024 929 1253 971 Sallustium
1291 937 1478 971 censeant
1511 932 1552 971 in
1585 944 1660 971 una

142 998 360 1051 eademque
391 1000 664 1039 enuntiatione
702 1006 763 1039 ter
800 1000 1137 1039 constructionem
1175 1003 1370 1044 mutasse,
1410 1004 1454 1039 ut
1491 1000 1663 1051 primum

138 1066 416 1106 coniunctivus
446 1078 494 1105 ox
513 1068 613 1107 velle
641 1067 853 1117 penderet,
885 1066 974 1106 dein
1005 1065 1233 1110 infinitivus,
1265 1065 1434 1118 denique
1465 1071 1509 1106 ut
1535 1067 1659 1117 parti·

138 1133 238 1173 cula.
286 1133 431 1173 Verum
463 1135 595 1185 priora
627 1133 706 1173 duo
737 1134 1025 1174 enuntiationis
1054 1132 1253 1178 membra,
1285 1145 1386 1185 quae
1418 1145 1534 1173 unam
1567 1145 1656 1173 sen-

138 1200 287 1239 tentiae
324 1206 477 1251 partem
515 1201 723 1240 continent
760 1200 891 1253 (quam
922 1199 1131 1239 Iordanum
1169 1198 1271 1239 bene
1308 1201 1559 1252 perspexisse
1598 1201 1657 1240 in·

139 1267 404 1318 terpungendi
435 1280 512 1319 qua
548 1268 673 1307 utitur
708 1268 808 1307 ratio
836 1266 984 1316 docet),
1019 1265 1231 1305 verborum
1261 1278 1419 1318 quoque
1449 1268 1537 1318 pari
1564 1278 1657 1305 con-

138 1334 357 1374 structione
396 1334 653 1384 significanda
692 1339 816 1374 erant.
876 1333 1010 1386 ltaque
1039 1344 1113 1384 pro
1143 1338 1253 1372 certo
1282 1332 1410 1373 babeo
1438 1344 1501 1373 me
1528 1345 1657 1385 gram-

138 1401 273 1440 matici
304 1401 363 1441 vel
394 1401 550 1441 librarii
590 1401 900 1442 additamentum
932 1413 1039 1447 esse,
1077 1401 1145 1454 qui
1185 1402 1407 1441 accusativo
1438 1401 1657 1441 orationem

138 1479 278 1508 carere
309 1480 386 1508 non
418 1480 532 1521 posse
564 1474 739 1521 putaret:
778 1468 883 1521 quod
923 1481 1039 1521 quam
1078 1468 1216 1508 falsum
1247 1469 1319 1513 sit,
1358 1481 1406 1507 ex
1436 1468 1535 1508 locis
1565 1467 1658 1507 huic

137 1534 355 1575 simillimis
384 1542 428 1575 ut
458 1535 542 1587 lug.
576 1534 649 1581 76,
684 1535 720 1575 1.
750 1534 824 1581 88,
854 1532 893 1575 5.
929 1532 1028 1580 102,
1058 1533 1086 1574 2
1115 1541 1301 1588 apparet;
1329 1546 1481 1585 possem
1510 1540 1655 1580 autem,

137 1602 242 1654 quod
275 1603 316 1642 in
349 1614 426 1642 uno
456 1604 507 1644 P1
533 1603 689 1654 legitur,
723 1608 790 1642 aut
819 1602 957 1642 calami
989 1602 1113 1654 lapsui
1138 1607 1205 1642 aut
1230 1601 1383 1642 librarii
1415 1600 1522 1642 illius
1552 1607 1656 1642 aeta-

137 1670 191 1708 tis
222 1670 480 1709 coniecturae
511 1669 692 1709 debetur.

251 1747 377 1787 Etiam
416 1749 456 1787 in
495 1750 647 1801 primae
693 1747 830 1786 classis
874 1746 989 1786 libris
1027 1748 1184 1799 saepius
1221 1746 1351 1786 addita
1388 1749 1656 1800 reperiuntur,

136 1826 236 1866 quae
268 1827 432 1867 prorsus
462 1826 755 1867 supervacanea
787 1814 847 1853 vel
877 1815 994 1853 etiam
1027 1814 1122 1854 falsa
1154 1815 1252 1853 sint:
1285 1813 1324 1852 id
1356 1814 1461 1864 quod
1491 1814 1518 1865 ξ
1541 1811 1569 1853 9
1598 1814 1658 1854 bis

135 1893 210 1921 usu
242 1884 360 1923 venit.
422 1882 464 1922 ln
502 1884 537 1923 V
566 1881 669 1922 enim
701 1882 869 1933 legitur:
907 1882 1006 1921 eheu
1041 1892 1103 1921 me
1130 1883 1340 1921 miserum!
1375 1881 1537 1930 hucine,
1572 1881 1658 1922 Me·-

136 1949 250 1997 cipsa
275 1954 407 1998 pater,
439 1950 635 1996 benificia,
651 1953 720 1987 tua
749 1959 924 1997 evasere,
957 1953 1001 1987 ut
1028 1959 1141 1997 quem
1171 1952 1213 1987 tu
1237 1958 1381 1997 parem
1405 1959 1496 1987 cum
1523 1948 1658 1987 liberis

136 2017 329 2065 regnique
354 2017 593 2066 participem
618 2016 757 2064 fecisti
785 2029 817 2055 e.
854 2029 891 2068 q.
924 2028 979 2055 s.:
1010 2027 1139 2067 neque
1169 2016 1380 2067 quisquam
1411 2017 1451 2054 in
1483 2015 1544 2054 his
1574 2028 1657 2055 ver-

138 2082 200 2121 bis
229 2083 444 2134 quidquam
476 2083 781 2128 desideraverim
813 2083 852 2121 in
876 2083 944 2122 PC
970 2087 1101 2121 autem
1130 2092 1220 2120 cum
1239 2083 1375 2121 liberis
1402 2083 1502 2120 tuis
1530 2083 1656 2134 scrip-

136 2154 220 2188 tum
251 2153 324 2188 est.
375 2150 453 2189 tuis
480 2149 604 2201 igitur
633 2161 851 2201 pronomen
881 2160 1044 2202 prorsus
1073 2153 1231 2200 praeter
1259 2149 1451 2188 rationem
1481 2147 1656 2188 additum

137 2228 224 2255 esse
255 2215 370 2255 facile
399 2221 583 2268 apparet:
624 2228 712 2255 nam
751 2228 878 2268 neque
916 2214 1038 2256 ullum
1069 2219 1308 2255 momentum
1347 2215 1406 2255 vel
1443 2216 1502 2254 vis
1537 2217 1578 2254 in
1609 2227 1656 2254 eo

136 2283 265 2335 posita
295 2288 367 2327 est,
400 2295 529 2335 neque
553 2283 697 2323 omisso
723 2284 957 2335 pronomine
981 2282 1057 2322 ulla
1081 2283 1300 2322 sententiae
1328 2280 1548 2322 obscuritas
1577 2284 1657 2322 ori-

136 2355 220 2393 tur.
249 2361 322 2388 nec
348 2350 435 2389 fieri
464 2355 595 2401 potest
618 2355 661 2389 ut
681 2350 816 2390 liberis
839 2350 888 2389 de
903 2349 990 2389 aliis
1006 2351 1083 2389 nisi
1101 2349 1148 2389 de
1169 2349 1357 2401 Micipsae
1373 2348 1466 2388 filiis
1487 2351 1656 2401 accipia-

136 2422 214 2455 tur.
251 2415 388 2468 Itaque
409 2417 635 2459 rectissime>
652 2415 873 2456 Dietscbius
891 2413 1170 2468 adnotavit⁴²):
1196 2417 1330 2467 ‘quam
1348 2415 1503 2455 subtilis
1518 2416 1658 2455 fuisset

226 2585 285 2623 41)
310 2583 367 2617 ed.
392 2593 426 2615 a.
454 2583 539 2616 1827
564 2582 635 2616 vol.
659 2583 695 2616 II
722 2593 755 2626 p.
781 2584 864 2616 232:
890 2582 967 2616 cie.
993 2582 1093 2617 Verr.
1118 2581 1199 2624 VII,
1215 2583 1259 2616 28
1284 2583 1317 2615 in
1341 2583 1530 2625 piratarum
1552 2583 1657 2616 locum

136 2643 224 2673 cives
248 2640 390 2672 Romani
412 2639 563 2672 hostilem
588 2640 621 2670 in
645 2640 772 2671 modum
795 2641 941 2672 cruciati
963 2644 996 2672 et
1021 2640 1134 2671 necati
1155 2643 1250 2679 sunt3
1281 2638 1370 2671 lust.
1395 2637 1483 2679 XII,
1510 2639 1550 2671 12
1581 2637 1657 2680 (qui

135 2697 294 2739 scriptor
311 2695 424 2729 vixis
444 2698 520 2736 est,
547 2704 617 2736 quo
646 2693 713 2727 hae
737 2695 776 2727 in
799 2704 838 2728 re
862 2695 1057 2738 quidquam
1082 2694 1232 2737 probari
1255 2693 1406 2737 possm:
1431 2698 1538 2728 iussus
1554 2703 1658 2736 prae·

134 2762 209 2786 ease
235 2751 480 2784 Macedonibus
504 2751 538 2782 in
563 2749 743 2792 Antipatri
765 2753 879 2784 locum.

226 2805 285 2849 42)
309 2807 396 2839 edit.
420 2817 452 2840 a.
481 2808 566 2839 1868
590 2806 701 2848 praef.
726 2817 759 2848 p.
786 2808 817 2838 8.
