1814 3042
609 0 756 28 12.ss
802 6 806 9 ’

136 169 305 254 plicare
344 199 405 238 vix
443 189 612 250 poterin
647 193 828 238 ‘Accedit
873 196 1117 237 consuetudo
1155 195 1337 241 Sallusti,
1377 197 1447 248 qui
1487 192 1667 245 semelffl)

102 275 104 277 ’
141 262 309 306 ‘tantum
337 276 447 311 eum,
485 262 825 318 quem‘lordanus
852 263 881 314 ξ
909 260 965 303 26
995 262 1194 315 probavit.
1234 262 1452 303 collocandi
1481 261 1662 303 ordinem

89 2792 97 2837 ·”
155 2819 283 2859 30,,,91
312 2827 346 2859 p.
373 2817 439 2849 769
463 2817 519 2850 ed.
543 2817 593 2850 11.

148 329 258 381 (cum
294 338 423 372 vostro
457 342 647 372 maxumo
680 330 873 383 benificia)
913 330 1033 382 idque
1071 335 1179 369 certa
1217 331 1266 369 de
1303 342 1420 370 causa
1457 330 1547 369 iniit
1583 329 1667 370 Cat.

160 395 197 443 1,
226 396 267 437 2.
327 399 469 439 Contra
502 399 679 439 Vaticani
709 394 907 449 scriptura
938 396 1002 436 bis
1021 397 1119 436 locis
1142 398 1418 439 confirmatur:
1449 397 1530 436 Cat.
1551 393 1620 440 35,
1645 394 1667 435 1

155 467 316 513 eyreqia
345 471 417 505 tua
442 466 566 513 fides;
595 467 637 516 in
665 467 822 513 maynis
848 466 944 503 metis
968 465 1178 513 periculis;
1218 463 1302 514 lug.
1335 461 1407 508 16,
1436 461 1464 504 3
1491 463 1670 503 omnibus

155 534 237 571 s'ue's
272 533 409 578 rebu'ae
450 532 503 571 ib.
533 530 610 576 23,
641 529 669 571 2
703 533 827 571 omnis
861 542 956 571 suas
986 530 1195 578 fortunam
1241 528 1295 571 ib.
1334 528 1410 575 97,
1441 527 1468 568 2
1504 531 1670 579 inteqris

155 592 425 648 suis‘finibuae
462 599 513 638 cs.
544 599 626 652 lug.
658 597 724 644 76,
755 596 796 638 6.
834 595 900 645 90,
931 596 971 641 3.
1009 597 1091 638 Cat.
1121 595 1189 643 50,
1219 595 1258 637 2.
1320 595 1490 637 Alteram
1521 601 1666 641 autem,

156 679 273 719 quam
310 667 337 718 ξ
366 665 393 707 3
424 667 490 705 PC
517 666 729 718 praebent,
768 666 1065 706 collocationem
1104 666 1314 717 quominus
1351 663 1565 716 probemus
1594 664 1669 703 boc

156 734 333 786 impedit,
365 733 469 786 quod
500 746 545 774 ea
576 733 726 774 adscita
757 735 815 773 vis
843 733 1089 785 pronominis
1108 731 1372 772 oblitteratur.
1421 734 1451 772 Α
1482 723 1670 772 Sallustio

157 805 289 839 autem
320 799 425 839 illam
464 813 542 839 non
581 801 749 840 alienam
787 812 873 840 esse
904 799 946 839 hi
975 799 1050 839 loci
1085 799 1375 840 demonstrant:
1414 798 1498 849 lug.
1528 793 1596 842 59,
1627 795 1668 837 3.

157 866 227 906 ib.·
245 865 341 913 113.
371 865 409 907 6.
450 867 551 907 Hist.
577 867 630 913 ll,
655 865 727 913 96,
751 865 791 907 2.
831 867 886 906 ib.
914 866 987 913 Ill,
1007 865 1081 912 61,
1105 866 1141 905 1.
1173 865 1317 911 ib.1V,
1338 863 1412 910 61,
1442 864 1479 905 1.
1510 866 1562 905 cf.
1585 864 1668 916 lug.

155 931 194 979 4,
216 932 254 974 3.
284 956 336 962 -—
367 934 436 973 His
457 939 587 974 autem
609 934 799 986 exemplis
819 933 1023 985 commode
1044 932 1197 973 accedit
1217 934 1392 973 tertium.
1439 929 1543 983 §30
1561 932 1668 972 enim

166 1002 200 1042 V
227 1001 333 1041 solus
342 999 390 1052 ⁵⁷)
419 1007 569 1050 eqomet
594 1004 777 1052 plurimis
805 1002 1005 1042 laboribus
1032 1007 1070 1041 et
1092 1003 1288 1051 periculis
1315 1002 1510 1050 quaesivi,
1543 1001 1667 1040 ceteri

158 1067 264 1117 (PG)
300 1079 374 1116 eqo
407 1070 501 1108 meis
537 1070 610 1120 (Pa
642 1075 793 1117 eqomet
826 1070 940 1119 meis)
987 1068 1207 1108 exhibent..
1254 1067 1296 1107 ln
1334 1079 1411 1120 qua
1447 1068 1668 1119 scripturae

157 1134 422 1187 discrepantia
450 1142 495 1175 ut
516 1129 741 1176 Vaticanum
772 1135 897 1176 solum
929 1148 1015 1175 esse
1046 1135 1288 1188 sequendum
1319 1134 1554 1180 iudicemus,
1585 1146 1668 1174 mo-

120 1204 124 1208 “
157 1208 220 1241 vet
249 1214 339 1242 cum
370 1204 589 1242 sententiae
617 1204 807 1254 gravitas,
848 1215 947 1255 quae
977 1204 1018 1242 in
1048 1202 1163 1242 Marii
1202 1213 1369 1255 persona
1408 1206 1500 1241 ante
1534 1201 1670 1241 oculos

155 1269 336 1320 ponenda
368 1282 439 1321 per
469 1271 599 1309 omnia
629 1271 821 1322 pertinet,
858 1271 912 1309 ita
943 1276 988 1309 ut
1015 1274 1164 1318 eqomet
1191 1268 1403 1309 dicendum
1433 1270 1556 1308 fuerit
1586 1269 1669 1320 (op-

158 1335 266 1387 ponit
294 1342 424 1376 autem
456 1349 498 1377 se
526 1336 743 1377 nobilitatis
762 1336 1018 1389 maioribus),
1049 1343 1132 1377 tum
1162 1336 1407 1377 consuetudo
1436 1335 1668 1376 Sallustiana

157 1415 271 1455 quae,
298 1409 342 1443 ut
365 1405 479 1444 modo
500 1404 721 1450 docuimus,
749 1417 827 1444 non
848 1407 944 1444 meis
956 1406 1143 1454 plurimis
1161 1404 1374 1450 laboribus,
1396 1404 1465 1444 sed
1485 1410 1552 1444 aut
1574 1405 1666 1454 plu-

155 1472 267 1510 rimis
295 1473 389 1510 meis
416 1471 614 1511 laboribus
643 1477 711 1511 aut
721 1473 920 1522 >plurimis
947 1472 1149 1512 laboribus
1171 1473 1266 1512 meis
1294 1471 1495 1524 poscebat.

269 1537 351 1578 Nec
398 1540 527 1578 minus
571 1544 677 1578 recte
728 1539 755 1589 ξ
792 1537 849 1578 26
886 1537 962 1590 legi
1003 1539 1100 1577 mihi
1145 1538 1301 1579 videtur
1352 1550 1488 1588 meque
1524 1548 1666 1588 vosque

156 1605 377 1645 maledictis
413 1606 606 1650 lacerent,
644 1605 749 1655 quod
787 1606 827 1644 in
871 1605 905 1644 V
938 1610 1017 1651 est,
1055 1616 1292 1657 quamquam
1322 1607 1359 1644 ei
1397 1607 1466 1657 qui
1498 1605 1665 1656 primam

156 1671 320 1711 classem
360 1673 608 1723 scripserunt
647 1671 800 1712 librarii
838 1673 1014 1723 priorem
1051 1683 1126 1721 que
1161 1672 1395 1723 particulam
1433 1684 1504 1724 pei·
1534 1670 1666 1722 negle-

157 1739 329 1789 gentiam
359 1739 591 1779 omiserunt.
643 1739 719 1779 Sed
750 1739 851 1779 hanc
881 1739 1148 1790 coniungendi
1179 1740 1372 1779 rationem
1400 1739 1597 1790 imprimis
1626 1740 1666 1778 in

156 1806 458 1858 pronominibus
495 1807 727 1865 copulandis
757 1806 985 1846 Sallustium
1024 1806 1309 1858 propemodum
1346 1808 1387 1846 in
1418 1805 1571 1846 deliciis
1599 1805 1667 1845 ha-

159 1874 254 1914 bere
285 1875 381 1913 satis
412 1886 456 1913 ex
489 1874 552 1914 his
581 1875 678 1914 locis
707 1879 889 1926 apparet:
922 1874 1003 1914 Cat.
1031 1871 1077 1920 9,
1099 1872 1138 1914 3.
1173 1873 1225 1913 ib.
1257 1871 1335 1920 36,
1356 1872 1396 1913 4.
1427 1873 1511 1925 lug.
1536 1871 1606 1920 10,
1626 1871 1666 1912 2.

159 1938 226 1985 21,
256 1938 296 1979 4.
335 1938 401 1983 79,
433 1939 473 1980 9.
513 1939 581 1990 85,
612 1938 680 1981 36.
718 1929 785 1985 85.
816 1937 885 1980 47.
910 1938 1007 1980 ’100
1048 1938 1087 1980 5.
1147 1940 1309 1980 Accedit
1339 1940 1418 1993 (cui
1447 1945 1579 1980 tamen
1608 1942 1666 1979 rei

159 2019 235 2046 non
266 2009 430 2046 nimium
461 2007 686 2057 tribuerim)
717 2008 842 2058 quod,
881 2013 926 2046 ut
956 1971 1123 2047 fflrzius
1152 2007 1292 2052 adicit,
1324 2019 1400 2056 que
1428 2009 1596 2046 sortasse
1627 2008 1667 2045 in

157 2075 333 2124 margine
364 2073 459 2113 libri
499 2074 536 2113 P
568 2075 660 2120 fuit,
699 2074 876 2125 quamvis
906 2079 1039 2113 utrum
1070 2072 1166 2113 illud
1204 2086 1226 2113 a
1265 2075 1391 2125 prima
1430 2085 1546 2114 manu
1576 2084 1668 2126 pro·

158 2140 300 2179 fectum
331 2152 381 2179 an
411 2140 460 2179 ab
491 2140 609 2178 altera
641 2140 883 2192 adscriptum
914 2145 1039 2184 esset,
1071 2152 1147 2179 non
1178 2146 1308 2192 posset
1337 2140 1563 2180 diiudicari.

269 2206 310 2245 ln
335 2206 362 2257 ξ
381 2203 437 2246 30
457 2218 595 2246 omnes
615 2208 869 2246 consentiunt
892 2208 1017 2257 parvi
1043 2207 1087 2245 id
1113 2206 1206 2246 libri
1235 2208 1269 2246 V
1287 2207 1525 2259 scripturam
1545 2207 1666 2247 solam

157 2274 367 2325 genuinam
398 2286 497 2317 esse,
527 2286 574 2312 cx
603 2285 679 2324 qua
702 2275 854 2323 parvid
880 2280 1029 2318 ortum,
1066 2274 1158 2313 inde
1187 2280 1318 2314 autem
1346 2274 1489 2314 lineola
1515 2274 1666 2313 adiecta

154 2351 299 2391 parum
319 2341 364 2379 id
390 2340 534 2379 factum
557 2352 642 2380 esse
655 2338 715 2392 ⁵⁸).
766 2341 834 2380 Sic
854 2342 971 2381 etiam
992 2340 1018 2391 ἓ
1045 2338 1101 2381 33
1113 2342 1365 2391 praesidium
1385 2343 1544 2390 abitare
1564 2342 1604 2380 in
1634 2342 1669 2380 V

246 2484 306 2525 56)
329 2484 419 2517 Nam
444 2484 521 2526 lug.
550 2485 601 2524 14,
625 2485 646 2517 5
670 2482 792 2518 dubiae
815 2495 872 2517 res
899 2486 939 2518 in
961 2494 1069 2517 unam
1091 2488 1222 2518 coeunt
1244 2485 1445 2525 notionem,
1474 2487 1515 2518 ut
1538 2494 1664 2527 prono-

117 2548 130 2551 ·
156 2550 237 2573 men
264 2540 445 2582 interponi
474 2549 546 2570 non
579 2540 705 2581 possit.
760 2540 833 2572 Nec
863 2540 969 2573 aliter
993 2540 1223 2573 statuendum
1250 2540 1393 2573 videtur
1415 2541 1459 2586 de
1484 2540 1578 2572 Hist.
1604 2540 1664 2578 IV,

156 2596 195 2628 61
237 2596 287 2628 16.

201 2619 210 2636 ,
246 2651 303 2694 57)
334 2651 366 2683 V
388 2650 504 2684 solum
527 2650 619 2683 dixie
649 2661 732 2685 nam
762 2636 794 2685 si
825 2653 887 2694 qui
916 2663 995 2685 cum
1025 2663 1067 2685 eo
1091 2653 1156 2684 alii
1181 2653 1423 2693 consentiant,
1446 2651 1588 2684 infimae
1610 2650 1665 2682 illi

156 2710 265 2739 notae
290 2709 385 2746 sunt,
410 2705 500 2747 quos
517 2705 629 2739 ullius
644 2707 882 2740 auctoritatis
897 2716 974 2740 esse
989 2707 1133 2739 omnino
1152 2716 1196 2739 ne
1212 2707 1365 2749 cogitari
1381 2706 1518 2749 quidem
1534 2707 1663 2748 potest.

245 2759 304 2803 58)
328 2760 410 2796 Vid.
434 2760 611 2801 Iordanue
637 2761 754 2795 Herm.
784 2762 856 2796 vol.
889 2763 925 2805 Ι,
950 2764 1033 2803 24ος
1062 2762 1268 2804 Madvigius
1299 2763 1343 2795 ad
1374 2762 1446 2794 Cic.
1474 2761 1515 2794 de
1538 2760 1598 2794 fin.
1621 2760 1664 2801 V,

1355 2882 1401 2916 3⁸
