1814 3042
0 194 87 245 15»—
124 188 284 243 uiatico
310 191 449 241 aliquo
469 189 704 227 sententiam
736 186 926 226 Eussneri
957 186 1136 238 exemplo
1159 185 1367 238 verbisque
1394 187 1452 224 sic
1471 197 1649 237 compre·
1712 242 1721 250 ’

66 285 79 294 ,
98 256 310 315 “bendere
350 255 563 310 possimus:
594 252 658 294 ab
698 253 784 306 ipso
828 251 896 293 illo
932 252 1094 295 rhetore
1132 254 1175 293 in
1214 245 1450 305 colligendis
1489 252 1650 295 Sallusti

0 338 4 346 ·
74 310 78 313 X
135 312 379 367 orationibus
415 334 642 363 sermonem
678 322 767 360 usui
805 321 1039 361 scholastico
1077 322 1131 360 ita
1168 321 1508 373 accommodatum
1547 333 1647 365 esse,

134 384 179 432 ut
199 391 318 437 verba
342 401 431 430 cum
454 387 623 429 subinde
644 388 871 428 eicerentur
892 387 951 427 vel
970 388 1287 433 immutarentur,
1318 393 1402 427 tum
1422 387 1525 428 haud
1547 399 1650 433 raro,

135 463 214 511 quo'
243 458 465 508 elegantius
494 458 685 495 existeret
714 455 872 494 dicendi
902 467 1039 505 genus,
1070 460 1445 506 transponerentur:
1478 455 1553 493 hoc
1574 461 1648 500 est,

136 530 179 566 ut
208 525 346 577 paucis
375 522 627 574 complectar,
659 521 813 562 nullum
841 522 1022 562 mutandi
1052 521 1226 561 studium
1256 522 1375 560 etiam
1406 521 1649 561 alienissimo

134 591 300 631 consilio
340 593 567 640 susceptum
597 587 646 628 ab
677 588 745 627 illo
782 588 941 628 homine
976 587 1148 627 alienum
1186 588 1323 627 fuisse.
1382 587 1493 633 Quod
1531 601 1648 640 quam

135 645 292 699 rationi'
318 669 397 696 non
436 657 487 695 sit
524 659 851 701 consentaneum,
891 655 1009 695 facile
1047 660 1224 708 apparet.
1288 655 1463 695 Alterum
1502 661 1647 701 autem,

135 722 660 778 quodanimadvertendum
691 734 777 762 esse
809 726 1008 774 putamus,
1040 721 1113 761 hoc
1144 727 1215 768 est,
1248 721 1570 774 quod'lordanus
1600 735 1647 762 ex

135 791 393 844 epistularum
426 789 581 829 illarum
613 791 899 842 compositione
929 790 1118 842 consequi
1139 789 1250 835 dicit,
1282 793 1325 828 ut
1354 788 1469 835 liber,
1500 801 1548 829 ex
1568 802 1646 842 quo

138 859 316 898 Vaticani
347 857 437 896 fons
467 857 690 908 descriptus
719 859 783 901 sit,
819 858 896 896 iam
928 857 1050 896 fuerit
1079 857 1131 895 ita
1162 861 1376 896 correctus.
1403 848 1410 854 ’
1437 857 1513 895 Aut
1543 858 1648 896 enim

138 924 236 965 nibil
256 925 298 964 in
320 924 392 963 hac
414 935 530 963 causa
552 923 663 963 video
683 928 750 963 aut
769 922 960 963 lordanus
980 928 1106 969 errat;
1134 935 1222 962 nam
1254 924 1288 962 si
1308 922 1447 962 rhetor
1467 923 1536 962 ille
1565 924 1648 974 ipse

137 994 177 1032 in
209 991 391 1043 epistulis
429 990 651 1030 scribendis
688 990 914 1045 Sallustium
947 990 1196 1035 imitabatur,
1244 995 1352 1029 certe
1391 990 1498 1029 n'ullo
1534 990 1649 1029 modo

136 1061 177 1098 in
209 1061 268 1098 eis
297 1057 544 1097 orationibus
574 1062 614 1097 et
644 1057 836 1109 epistulis,
873 1070 971 1110 quas
1001 1070 1022 1096 a
1054 1057 1239 1097 Sallustio
1268 1058 1354 1108 ipso
1384 1056 1549 1097 traditas
1578 1057 1646 1096 ha-

137 1126 269 1171 bebat,
302 1126 450 1164 formas
479 1124 737 1163 Sallustianas
766 1124 969 1164 deleturus
1005 1126 1147 1164 fuerat.
1207 1124 1331 1164 Multo
1362 1129 1490 1164 autem
1522 1127 1648 1175 magis

136 1193 301 1232 alterum
336 1193 417 1231 veri
447 1204 533 1231 esse
572 1191 699 1230 simile
737 1192 836 1230 mihi
876 1192 1050 1237 videtur,
1088 1192 1191 1243 qu'od
1230 1193 1459 1242 saepissime
1497 1192 1645 1231 sactum

135 1271 251 1298 nemo
281 1260 455 1310 ignorat,
498 1263 541 1297 ut
579 1258 751 1297 imitator
788 1259 905 1297 etiam
942 1258 1158 1297 studiosius
1199 1270 1316 1309 quam
1354 1259 1523 1310 scriptor
1560 1260 1644 1309 ipse

134 1327 286 1365 rariora
314 1330 353 1363 et
373 1324 585 1375 singularia
617 1325 859 1364 adamavisse
891 1329 1005 1377 atque
1045 1325 1253 1364 adscivisse
1292 1325 1495 1370 credatur,
1535 1325 1643 1364 nullo

133 1398 266 1432 autem
305 1392 422 1431 modo
461 1390 526 1431 ille
565 1393 649 1443 ipse
679 1391 816 1431 rhetor
846 1391 1102 1431 Sallustianas
1140 1392 1284 1431 formas
1323 1391 1534 1438 delevisse,
1573 1393 1640 1431 sed

96 1505 98 1507 ,
134 1461 169 1499 si
199 1471 299 1511 quae
331 1460 371 1497 in
403 1458 549 1498 dilectu
580 1448 730 1503 deletae
761 1464 893 1504 erant,
931 1471 997 1498 eas
1026 1458 1130 1498 haud
1160 1458 1280 1498 dubie
1310 1460 1387 1497 iam
1417 1463 1507 1497 ante
1537 1459 1641 1499 hunc

131 1525 330 1565 rhetorem
361 1525 418 1566 ibi
449 1537 529 1564 non
558 1527 736 1565 inventas
767 1537 866 1567 esse.
927 1525 1002 1565 Sed
1033 1525 1134 1566 hanc
1155 1537 1251 1570 rem,
1284 1537 1373 1565 cum
1403 1538 1475 1577 per
1496 1538 1539 1565 se
1559 1531 1639 1566 tam

133 1592 284 1635 lubrIca
315 1593 367 1631 sit
396 1604 524 1644 neque
554 1604 627 1644 pro
657 1594 743 1644 ipso
764 1593 1018 1633 fundamento
1040 1604 1125 1632 esse
1149 1592 1300 1638 debeat,
1333 1603 1410 1642 quo
1439 1594 1562 1633 innisi
1591 1593 1640 1632 de

134 1658 326 1698 librorum
357 1660 589 1698 auctoritate
621 1659 864 1712 iudicemus,
894 1671 998 1699 nunc
1026 1659 1314 1711 relinquamus:
1354 1660 1493 1699 sufficit
1534 1662 1640 1700 enim

132 1726 372 1776 significasse
394 1727 515 1765 certis
530 1726 578 1765 de
595 1727 722 1766 causis
741 1725 789 1765 ab
807 1726 973 1766 lordano
989 1739 1060 1766 nos
1077 1726 1284 1765 dissentire
1301 1731 1418 1777 atque
1435 1726 1638 1766 meliorem

134 1798 173 1833 et
203 1792 487 1845 simpliciorem
518 1793 711 1832 rationem
743 1794 935 1833 invenisse
957 1793 1070 1833 nobis
1091 1792 1234 1838 videri,
1266 1805 1341 1846 qua
1372 1793 1474 1832 banc
1503 1806 1637 1834 rerum

133 1860 179 1899 ad
211 1866 318 1900 recte
348 1859 547 1900 scribendi
586 1861 778 1911 rationem
817 1863 1102 1911 pertinentium
1132 1860 1439 1912 discrepantiam
1469 1860 1639 1914 explica-

132 1939 277 1968 remus.
339 1928 508 1968 Omnino
547 1933 675 1967 autem
715 1927 808 1979 quid
856 1927 904 1968 ab
950 1929 1023 1968 hac
1059 1933 1170 1980 parte
1209 1928 1397 1981 praesidii
1433 1928 1640 1969 codicibus

131 2000 306 2047 paretur,
337 2007 415 2034 non
445 2000 618 2047 apparet,
651 2007 779 2047 neque
800 1995 836 2034 id
867 1995 1057 2035 Iordanus
1078 1997 1225 2046 apertis
1246 1996 1375 2036 verbis
1396 1995 1639 2037 demonstra—

130 2063 207 2102 vit:
239 2075 433 2103 summum
465 2064 570 2102 enim
601 2067 843 2103 momentum
872 2064 913 2101 in
940 2063 1036 2115 ipsis
1057 2062 1186 2103 verbis
1215 2064 1385 2116 positum
1407 2076 1493 2104 esse
1514 2066 1641 2115 quivis

132 2129 256 2180 videt3
293 2130 424 2181 itaque
455 2129 652 2180 exempla,
691 2129 833 2182 quibus
861 2130 1088 2170 Vaticanum
1128 2136 1357 2182 corruptum
1392 2143 1477 2171 esse
1507 2132 1639 2171 doceri

130 2195 323 2236 Iordanus
354 2202 484 2249 putat.
516 2202 695 2237 accurate
726 2195 1013 2249 diligenterque
1043 2198 1301 2238 examinanda
1332 2204 1436 2238 sunt.

241 2263 321 2303 Iam
351 2265 523 2316 primum
553 2265 693 2314 igitur,
736 2253 1017 2316 quomodo'ex
1047 2264 1128 2304 Cat.
1159 2262 1234 2310 20,
1267 2263 1312 2310 7,
1351 2265 1399 2305 (le
1438 2277 1515 2317 quo
1553 2265 1639 2305 loco

129 2330 231 2370 inl'ra
253 2330 435 2382 pluribus
455 2331 642 2377 dicemus,
664 2338 851 2384 appareat
871 2331 1046 2371 Vaticani
1075 2337 1340 2372 correctorem
1363 2344 1493 2372 veram
1515 2335 1637 2385 scrip-

81 2402 87 2405 ’
128 2401 255 2437 turam
287 2397 525 2444 turbavisse,
564 2410 726 2451 prorsus
764 2410 826 2438 me
862 2398 972 2450 sugit.
1032 2398 1189 2439 Nullum
1229 2400 1333 2439 enim
1369 2399 1545 2451 profecto
1576 2412 1636 2439 ar-

127 2469 356 2515 gumentum
387 2465 460 2505 hoc
491 2470 566 2505 est:
599 2467 640 2506 in
680 2467 716 2505 V
739 2466 833 2506 bom·
861 2471 976 2515 atque
1003 2469 1172 2515 strenui,
1207 2468 1355 2507 nobiles
1383 2472 1421 2506 et
1449 2468 1638 2515 iqnobiles

126 2530 225 2581 legi,
264 2532 413 2584 primae
452 2536 582 2571 autem
621 2531 757 2572 classis
796 2532 919 2572 libros
948 2533 1115 2584 optimos
1145 2532 1338 2585 praebere
1366 2535 1520 2573 strenui
1544 2530 1639 2573 bo'm‘

108 2599 275 2640 ‘nobiles
291 2605 411 2649 atque
425 2601 625 2650 iqnobiles,
654 2601 692 2641 id
715 2600 818 2652 quod
837 2613 888 2640 ne
905 2600 1100 2641 Iordanus
1116 2601 1273 2653 quidem
1297 2607 1338 2641 ut
1359 2613 1492 2640 verum
1514 2613 1634 2652 agno-

125 2665 214 2703 scit.
276 2665 344 2705 Sin
376 2678 469 2706 vero
499 2669 670 2716 strenui,
701 2678 800 2718 quae
820 2667 980 2707 Iordani
1001 2669 1134 2720 opinio
1165 2672 1242 2714 est,
1274 2680 1295 2707 e
1316 2667 1550 2719 glossemate
1572 2669 1632 2713 sit,

126 2730 287 2776 difficile
308 2732 484 2775 iudicatu
505 2741 565 2775 est
585 2740 716 2775 utrum
747 2728 894 2775 rectius
922 2740 1012 2786 post
1040 2736 1134 2775 boni
1154 2747 1288 2775 vocem
1309 2747 1356 2774 an
1378 2739 1467 2773 ante
1488 2747 1573 2774 eam
1594 2734 1633 2774 id

68 2820 71 2827 ·
126 2796 318 2848 glossema
356 2800 396 2840 in
434 2801 644 2842 verborum
682 2801 858 2842 ordinem
888 2803 1110 2854 irrepserit:
1150 2804 1190 2842 in
1224 2802 1298 2841 hac
1327 2806 1476 2845 autem.
1515 2813 1631 2853 quam
