1814 3042
5 26 54 47 w..
171 43 182 50 N

77 237 91 249 0
114 186 117 188 ’
145 190 338 231 Iordanus
366 189 587 249 rectissime
617 187 789 232 detexit,
827 187 1042 228 verborum
1080 188 1314 228 confusione
1345 190 1380 228 si
1408 193 1448 228 et
1477 194 1518 228 et
1546 185 1682 240 atque(
1705 164 1740 231 ᾗῇ*
1759 211 1773 218 —

146 255 361 312 particulae
390 256 494 296 inter
525 264 567 294 se
598 258 844 307 permutatae
873 257 983 302 sunt,
1024 266 1141 297 nemo
1182 254 1501 310 interpolationis
1529 268 1664 299 exem-

145 323 254 377 plum
293 322 592 374 deprehendere
629 320 707 360 sibi
751 320 969 362 videbitur:
1016 334 1106 362 nam
1146 334 1264 375 quam
1299 324 1532 374 frequenter
1568 322 1663 363 illud

147 392 294 432 sactum
326 390 378 430 sit
408 387 488 439 djci
519 389 581 428 vix
613 393 756 441 potest,
789 393 833 428 ut
862 388 946 440 lug.
971 386 1034 435 14,
1069 387 1119 429 11
1151 402 1229 443 quo
1258 390 1344 430 loco
1385 391 1422 431 V
1444 392 1594 431 scelere
1621 396 1666 432 et

145 459 324 498 audacia
352 455 531 509 praebet,
563 457 687 496 ceteri
717 459 839 504 atque
868 456 1100 508 particulam
1128 455 1328 503 exhibent,
1359 459 1400 497 in
1431 457 1572 498 eodem
1601 470 1665 498 ca·
1725 454 1732 458 ’
1775 450 1777 453 ’
1807 435 1809 437 Γ

146 525 227 578 pite
264 522 292 576 ἓ
325 515 378 564 15
408 536 430 564 e
460 523 661 564 contrario
692 522 949 572 in,Vaticano
985 534 1169 565 maerore
1197 529 1342 575 atque
1370 527 1481 567 luctu
1508 525 1665 578 legitur,

148 591 291 644 reliqui
321 603 416 631 vero
445 590 537 630 libri
565 596 604 631 et
634 590 815 631 tradunt:
859 590 1005 642 quibus
1041 593 1083 631 in
1120 591 1218 632 locis
1248 600 1334 632 utra
1366 604 1454 632 vera
1486 594 1536 637 sit
1567 595 1666 633 scri-

146 664 277 712 ptura,
309 670 359 699 ne
391 671 438 699 ex
468 670 541 699 usu
572 658 735 711 quidem
765 657 1002 699 Sallustiano
1032 661 1220 711 cognosci
1250 664 1394 712 potest.
1455 659 1520 699 Sic
1549 660 1667 700 etiam

149 727 231 766 Cat.
262 723 337 769 51,
368 723 397 765 5
433 737 507 776 pro
537 726 664 772 infida
694 729 739 763 et
769 725 968 770 advorsa,
1009 737 1099 764 vera
1138 738 1239 777 quae
1269 727 1310 765 in
1351 727 1387 765 V
1412 725 1579 779 aliisque
1609 731 1668 766 est

150 794 362 845 scriptura,
388 791 497 851 liber
517 792 662 832 Pcum
684 788 774 832 aliis
803 793 929 839 infida
959 797 1105 842 atque
1134 793 1552 844 advorsapraebenu
1584 794 1666 834 Cat.

148 858 215 905 52,
247 857 302 899 33
332 860 372 898 in
405 859 440 897 Ρ
466 864 505 898 et
535 857 737 898 nonnullis
767 857 855 898 aliis
885 859 947 899 dis
977 865 1062 899 aut
1090 860 1325 909 hominibus,
1358 860 1397 899 in
1420 859 1605 901 Vaticano
1630 865 1669 900 et

145 927 307 980 reliquis
345 932 454 966 recte
493 927 556 965 dis
592 930 743 975 atque
786 927 1011 967 hominibus
1051 928 1242 979 scriptum
1288 931 1359 967 est.
1427 928 1510 968 Hoc
1546 930 1668 979 igitur

147 994 316 1034 lordano
337 992 607 1039 concedimus,
629 992 820 1032 librorum
838 994 1077 1046 scripturam
1095 993 1175 1034 Cat.
1193 992 1261 1039 20.
1280 992 1304 1033 7
1321 1006 1400 1034 non
1420 994 1561 1034 leviter
1581 1007 1668 1035 esse

154 1061 448 1116 perturbatam;
479 1060 647 1101 alterum
679 1066 809 1101 autem
842 1072 1043 1113 negamus,
1075 1074 1190 1114 posse
1220 1073 1267 1101 ex
1298 1062 1360 1102 his
1379 1062 1598 1114 quidquam
1619 1063 1666 1102 de

149 1129 345 1168 librorum
385 1130 620 1167 auctoritate
656 1127 852 1167 concludi.
922 1128 964 1167 Si
1002 1129 1107 1167 enim
1146 1127 1246 1167 duae
1284 1128 1465 1168 codicum
1497 1127 1667 1168 familiae

151 1196 258 1236 vitiis
290 1195 453 1236 assectae
474 1200 586 1241 sunt,
617 1207 695 1235 non
720 1194 834 1235 alteri
857 1195 960 1235 idem
983 1195 1107 1243 laudi,
1137 1195 1251 1236 alteri
1273 1195 1365 1236 vitio
1386 1201 1540 1236 vertere
1561 1195 1666 1241 licet,

150 1263 190 1302 id
222 1262 324 1313 quod
357 1260 528 1312 paullum
560 1261 673 1300 abest
702 1263 798 1312 quin
830 1261 1023 1301 lordanus
1054 1262 1206 1300 fecerit.

261 1328 317 1368 De
348 1328 473 1368 altero
504 1328 683 1380 exemplo
714 1328 798 1368 Cat.
829 1326 897 1374 52,
932 1326 953 1367 1
986 1329 1119 1369 dicere
1149 1341 1256 1368 nunc
1285 1328 1540 1381 supersedeo,
1577 1342 1667 1369 cum

147 1396 251 1435 infra
282 1396 525 1446 argumentis
555 1396 651 1434 satis
681 1395 835 1434 idoneis
866 1407 928 1435 me
950 1395 1312 1436 demonstraturum
1334 1407 1504 1448 sperem,
1537 1395 1662 1436 solum

149 1463 205 1502 ibi
234 1462 385 1502 librum
417 1463 463 1501 *V
488 1474 621 1501 veram
652 1463 889 1513 scripturam
922 1474 1112 1502 servasse.

260 1528 342 1568 Nec
380 1539 474 1568 vero
521 1529 646 1579 magis
691 1527 774 1579 lug„
812 1526 886 1575 31,
925 1526 980 1569 28
1017 1529 1059 1568 in
1101 1530 1140 1570 V
1177 1528 1386 1569 verborum
1433 1541 1531 1581 quae
1577 1533 1669 1569 sunt

148 1662 347 1702 buendum
389 1674 476 1701 esse
517 1663 768 1702 concesseris
798 1674 1008 1715 veramque
1048 1667 1271 1702 ceterorum
1312 1663 1502 1702 librorum
1543 1664 1668 1715 scrip-

149 1735 281 1771 turam
312 1728 503 1770 habueris
535 1730 716 1777 beneficii
743 1741 859 1780 quam
881 1721 1070 1777 maleficii
1086 1741 1292 1771 memorem
1322 1742 1424 1776 esse,
1456 1731 1489 1770 si
1509 1730 1667 1783 quidem

148 1797 306 1836 lordani
337 1796 528 1846 exemplis
558 1799 854 1847 comparaveris
884 1797 1002 1836 haec:
1036 1798 1118 1836 Cat.
1143 1795 1209 1841 23,
1232 1795 1260 1835 2
1289 1796 1384 1836 huic
1413 1798 1564 1836 homini
1590 1809 1668 1836 non

148 1865 278 1904 minor
307 1865 468 1903 vanitas
498 1865 630 1902 inerat
659 1874 779 1912 quam
809 1864 1008 1909 audacia;
1049 1863 1132 1904 Cat.
1163 1861 1237 1908 47,
1273 1861 1292 1901 l.
1336 1864 1559 1902 Volturcius
1589 1893 1598 1903 .
1624 1894 1631 1902 .
1657 1893 1666 1903 .

148 1931 264 1970 docet
295 1961 302 1969 .
338 1960 347 1969 .
379 1960 387 1969 .
420 1942 462 1969 se
493 1960 501 1969 .
532 1960 539 1968 .
572 1931 674 1969 nihil
708 1931 883 1980 amplius
918 1932 1024 1970 scire
1059 1941 1179 1979 quam
1216 1931 1384 1978 leqat083
1424 1929 1506 1980 lug.
1541 1927 1611 1974 19,
1643 1928 1670 1969 2

147 1999 266 2037 silere
302 1998 441 2036 melius
472 2002 574 2045 puto
612 2008 732 2045 quam
764 2007 915 2046 parum
958 1997 1106 2036 dicere.
1173 1996 1337 2035 Accedit
1374 2001 1503 2034 autem
1549 1997 1667 2035 etiam

150 2064 318 2105 alterum
341 2068 629 2115 argumentum,
661 2064 823 2103 minime
845 2062 884 2103 id
907 2063 1066 2116 quidem
1090 2061 1370 2116 spernendum.
1421 2061 1541 2102 Multo
1563 2063 1667 2102 enim

150 2133 311 2183 gravius
342 2132 643 2182 sententiaeque
674 2133 805 2182 aptius
836 2131 952 2170 totius
983 2132 1175 2170 orationis
1204 2134 1446 2169 momentum
1477 2134 1537 2169 est
1566 2129 1668 2169 Vati-

149 2200 238 2239 cani
271 2196 480 2238 verborum
511 2197 651 2237 ordine
681 2202 865 2250 recepto:
897 2210 976 2238 non
1008 2198 1112 2237 enim
1145 2199 1186 2237 in
1216 2195 1379 2236 vocibus
1408 2198 1669 2245 immemorem

149 2277 233 2304 esse
264 2264 479 2315 quidquam
511 2266 614 2303 inest
634 2264 738 2315 quod
762 2277 783 2303 a
804 2263 992 2303 Memmio
1022 2265 1180 2314 gravius
1211 2263 1409 2307 efferatur,
1440 2262 1507 2301 sed
1539 2263 1578 2301 in
1609 2275 1669 2307 eo,
1729 2297 1734 2303 .

150 2331 254 2383 quod
296 2330 480 2370 beneficii
519 2332 708 2371 memoria
747 2335 786 2371 et
823 2330 1007 2370 maleficii
1047 2331 1151 2370 inter
1190 2342 1231 2369 se
1263 2333 1529 2381 opponuntur.
1588 2328 1670 2369 Hoc

149 2400 280 2439 a'utem
312 2409 359 2436 eo
390 2396 518 2447 pluris
547 2398 833 2437 aestimandum
865 2409 952 2436 esse
988 2401 1171 2449 apparet,
1203 2395 1307 2448 quod
1339 2393 1549 2435 Sallustius
1579 2408 1668 2435 cum

148 2468 189 2506 in
228 2470 312 2506 toto
351 2476 533 2504 sermone
574 2469 656 2504 tum
694 2466 735 2504 in
782 2463 1031 2504 orationibus
1077 2462 1360 2515 componendis
1396 2456 1573 2502 summus
1610 2468 1670 2503 est

150 2532 363 2572 verborum
385 2532 540 2574 artifex.
573 2531 639 2581 qui
669 2532 854 2582 inprimis
883 2533 924 2570 in
957 2529 1120 2570 vocibus
1150 2527 1391 2568 collocandis
1421 2529 1563 2568 eximia
1585 2534 1668 2569 uta-

148 2605 215 2640 tur
245 2597 449 2651 diligentia
480 2602 520 2638 et
549 2597 734 2644 consilio;
774 2609 903 2651 neque
941 2599 1037 2639 satis
1076 2596 1172 2638 illud
1212 2595 1347 2637 Granii
1378 2595 1575 2637 Liciniani
1604 2609 1666 2638 re·

150 2668 248 2718 spici
293 2670 444 2716 potest,
493 2664 722 2703 Sallustium
768 2677 845 2703 non
885 2670 928 2704 ut
974 2665 1232 2707 historicum,
1278 2662 1347 2701 sed
1385 2667 1428 2702 ut
1471 2668 1668 2702 oratorem

148 2732 373 2785 legendum.

234 2790 341 2839 'Sed
380 2799 478 2838 haec
517 2800 594 2838 tria
633 2798 811 2850 exempla
850 2811 927 2838 non
969 2799 1102 2849 magni
1139 2797 1330 2836 momenti
1361 2807 1447 2836 esse
1478 2797 1670 2837 Iordanus
