1814 3042
137 197 375 249 scripturam
404 194 537 235 mains‘
566 200 721 242 tuetur,
760 209 848 238 cum
878 198 918 237 in
948 198 1093 237 ceteris
1120 196 1303 238 omnibus
1323 197 1419 239 falso
1440 192 1657 248 'mammea

136 257 264 316 ga'tur.
310 262 424 311 Quod
455 268 590 306 utrum
613 259 750 305 er'rore
771 276 820 306 an
842 264 1006 306 consilio
1026 264 1176 306 illatum
1199 258 1271 312 sit,
1303 264 1478 307 dubitari
1507 271 1680 320 potcstz*
1796 254 1799 259 ’

135 333 220 370 veri
254 337 386 391 autem
416 331 550 384 specie
575 343 652 372 non
682 332 798 385 plane
822 337 931 372 caret
965 344 1075 378 eum,
1106 334 1175 385 qui
1200 333 1345 373 librum
1377 334 1413 372 P
1437 335 1657 386 scripserit,

134 409 181 437 eo
209 398 474 440 vehementius
509 398 672 440 vocibus
711 400 958 452 praegressis
994 405 1142 440 motum
1172 407 1250 450 quo
1277 402 1405 450 mayis
1437 401 1556 441 verba
1587 412 1658 441 suo

135 464 302 506 arbitrio
332 465 526 508 intulisse.

249 532 397 572 Eadem
436 535 591 573 ratione
628 533 656 584 ἓ
688 531 739 573 18
775 535 843 585 qui
881 535 1079 573 severiore
1117 534 1265 573 iudicio
1294 539 1439 580 utatur,
1478 527 1655 575 Vaticani

135 600 376 652 scripturam
397 600 507 650 quod
522 601 650 649 mayis
677 600 812 640 vobis
835 599 982 649 fecisse
1001 611 1120 650 quam
1139 602 1220 641 illis
1239 601 1432 642 accidisse
1450 602 1660 651 indiynum‘
1706 594 1714 601 “

137 673 195 706 est
226 672 429 718 praestare
445 672 529 706 ‘non
559 668 709 719 poterit
738 668 919 713 infitiari,
950 660 1030 707 vus
1059 673 1189 708 autem
1220 668 1322 720 quod
1353 670 1395 708 in
1426 670 1573 708 ceteris
1602 668 1657 709 le-

134 735 242 786 gitur
281 735 434 775 reiciet.
496 732 581 780 Qua
619 736 659 774 iu
690 746 735 775 re
764 733 860 775 illud
891 728 1035 781 miror.
1075 735 1179 788 quod
1212 737 1456 786 recentiores
1485 736 1658 777 editores

135 813 274 841 omnes
305 802 428 841 Cortii
459 803 697 841 sententiam
727 801 844 853 plane
873 808 1129 854 spreverunt,
1165 803 1247 854 qui,
1279 803 1454 854 quamvis
1482 803 1587 843 vobis
1614 804 1655 843 in

139 868 219 908 ullo
250 868 386 908 codice
415 874 571 908 exstare
609 867 724 920 plane
763 870 985 920 ignoraret,
1025 880 1091 909 vos
1117 869 1343 910 eiciendum
1373 881 1458 910 esse
1488 871 1655 922 putavit.

136 935 255 986 idque
274 946 324 974 eo
339 934 616 981 confidentius
642 934 746 986 quod
766 934 975 975 Sallustius
992 935 1129 974 saltem
1146 937 1251 976 vobis
1266 937 1486 988 scripturus
1505 937 1652 976 suisset.

133 1002 200 1042 Sic
231 1001 316 1048 ille.
350 1006 395 1042 ut
423 1003 585 1054 saepius
614 1001 711 1042 alibi
742 1003 910 1047 lactum,
942 1003 1169 1042 coniectura
1201 1003 1349 1043 invenit
1386 1003 1489 1054 quod
1521 1008 1654 1055 postea

135 1068 326 1108 inlibris
355 1068 558 1120 proditum
590 1081 675 1108 csse
715 1069 781 1109 alii
813 1074 1094 1121 cognoverunt.
1157 1070 1559 1110 commemoravimus
1587 1082 1654 1110 au-

137 1141 215 1176 tem
264 1136 362 1182 hoc,
409 1149 488 1188 quo
532 1137 834 1176 ostenderemus
882 1149 959 1176 non
1004 1138 1129 1176 nimio
1166 1136 1260 1176 libri
1305 1139 1340 1177 V
1382 1137 1513 1178 studio
1550 1138 1656 1177 vobis
1718 1176 1719 1180 ,

132 1203 229 1243 illud
276 1215 348 1243 nos
395 1202 645 1255 probavisse,
693 1202 783 1243 sed’
804 1204 890 1254 ipso
934 1203 972 1242 id
1011 1203 1277 1254 simplicitatis
1314 1216 1432 1243 sensu
1471 1203 1652 1255 flagitari.

133 1269 230 1309 Nam
277 1270 353 1309 hoc
400 1271 561 1309 omnin‘o
598 1269 806 1309 Memmius
850 1271 1020 1309 maxime
1062 1274 1195 1319 urget,
1243 1281 1407 1321 prorsus
1450 1270 1653 1321 indignum

133 1348 220 1377 esse
266 1336 411 1389 populo
456 1335 653 1382 Romano,
698 1347 815 1376 manu
862 1342 901 1376 et
946 1337 983 1376 vi
1029 1337 1069 1376 in
1117 1348 1184 1376 eos
1219 1334 1422 1377 vindicare
1457 1337 1526 1389 qui
1570 1349 1653 1377 rem

132 1403 333 1455 publicam
377 1403 561 1443 hostibus
613 1403 875 1454 prodiderint.
947 1403 1083 1454 Neque
1142 1416 1233 1442 vero
1286 1404 1401 1443 aliter
1444 1404 1519 1443 hoc
1568 1405 1655 1443 fieri

131 1475 281 1521 potest,
320 1470 396 1510 nisi
436 1475 480 1509 ut
518 1482 564 1509 ex
603 1471 811 1519 indiqnum
856 1470 1051 1510 adiectivo
1089 1470 1194 1510 vobis
1231 1469 1425 1511 ablativus
1461 1470 1653 1524 pendeat;

132 1539 193 1577 sin
226 1550 319 1577 vero
348 1538 523 1589 scriptor
553 1549 623 1577 vos
647 1537 793 1585 secisse
822 1539 1007 1583 dixisset,
1048 1537 1144 1577 haec
1183 1538 1260 1577 duo
1299 1538 1416 1577 verba
1455 1539 1496 1577 in
1535 1549 1652 1577 unam

132 1605 334 1644 notionem
364 1603 619 1648 coaluissent,
652 1609 695 1643 ut
723 1615 791 1645 vos
806 1604 953 1652 secisse
981 1609 1022 1644 et
1049 1605 1128 1644 illis
1153 1605 1348 1644 accidisse
1376 1605 1482 1644 inter
1511 1616 1553 1644 se
1584 1616 1653 1657 op-

131 1677 401 1723 ponerentur,
448 1683 522 1710 nec
565 1683 659 1709 vero
702 1671 807 1710 vobis
850 1676 889 1709 et
932 1672 1013 1709 illis
1057 1672 1160 1709 sicut
1201 1671 1348 1718 secisse
1386 1677 1424 1710 et
1461 1672 1654 1710 accidisse

131 1737 368 1788 singillatim
399 1736 476 1776 sibi
509 1736 809 1789 responderent.

244 1804 271 1856 ξ
305 1801 357 1844 19
395 1805 521 1844 miror
559 1804 662 1855 quod
704 1816 819 1843 nemo
859 1804 956 1844 vidit
993 1807 1237 1849 contemnet,.
1268 1803 1371 1855 quod
1411 1805 1444 1842 V
1473 1803 1651 1855 praebet,

131 1872 256 1911 solum
278 1883 414 1911 verum
436 1883 543 1917 esse,
575 1883 664 1910 cum
689 1883 765 1910 non
787 1870 956 1911 eundem
978 1876 1176 1922 tamquam
1199 1872 1388 1923 temporis
1408 1870 1572 1921 gradum
1595 1877 1651 1911 at-

131 1952 208 1992 que
238 1941 274 1980 si
302 1937 515 1979 dediticius
533 1943 591 1978 est
621 1937 812 1984 obtineat,
844 1938 910 1978 sed
934 1938 1072 1979 eodem
1094 1951 1173 1990 quo
1201 1939 1350 1978 scilicet
1368 1939 1654 1979 existumabitis

130 2011 295 2059 spectet.
347 2005 470 2045 Multo
498 2009 627 2046 autem
652 2007 779 2056 magis
798 2005 911 2045 doleo
931 2005 1035 2057 quod
1058 2004 1084 2056 ξ
1103 2002 1159 2049 25
1182 2004 1407 2045 Dietschius
1430 2017 1506 2045 non
1530 2004 1652 2045 obsti-

129 2075 263 2114 natius
286 2075 328 2113 in
352 2075 549 2113 sententia
574 2085 642 2113 sua
667 2074 947 2125 perseveravit.
1005 2073 1140 2124 Nuper
1163 2074 1267 2112 enim
1294 2072 1390 2120 haec
1411 2070 1649 2124 scripsit⁴⁸):

130 2142 333 2180 ‘omittatis
363 2151 398 2179 c.
430 2137 617 2193 lordano]
655 2140 844 2180 amittatis
883 2137 1073 2191 (Vaticani
1104 2140 1335 2192 scriptura),
1375 2139 1478 2191 quod
1517 2140 1651 2179 nescio

132 2219 262 2248 annon
294 2208 500 2260 proprium
532 2208 656 2247 suerit
685 2207 873 2249 Sallusti'.
932 2206 1043 2253 Quod
1074 2212 1118 2246 ut
1146 2218 1219 2257 ego
1242 2218 1375 2245 verum
1408 2219 1494 2245 esse
1516 2211 1649 2258 putem

132 2276 300 2315 maxime
332 2285 377 2313 eo
407 2273 583 2315 adducor
613 2273 732 2325 quod,
769 2286 884 2325 quam
916 2273 1042 2326 legem
1079 2273 1252 2314 Kritzius
1282 2272 1428 2325 aliique
1459 2272 1508 2312 de
1539 2272 1650 2312 dill'e-

129 2343 257 2382 rentia
286 2342 465 2381 amittere
495 2347 534 2380 et
564 2342 740 2380 omittere
760 2341 969 2381 verborum
993 2340 1262 2394 protulerunt,
1294 2352 1379 2380 eam
1403 2339 1537 2379 multis
1557 2338 1651 2379 locis

129 2400 335 2461 inquisitis
374 2420 452 2448 non
489 2406 606 2460 plane
646 2419 776 2448 veram
813 2417 901 2448 esse
940 2409 1118 2460 cognovi.
1177 2406 1379 2459 lmprimis
1414 2406 1453 2446 id
1485 2412 1649 2460 apparet

129 2488 177 2515 ex
208 2475 291 2527 lug.
323 2471 391 2520 66,
426 2473 462 2520 1,
496 2473 565 2514 ubi
596 2474 691 2514 hacc
723 2475 927 2526 leguntur:
973 2474 1187 2526 (Iugurtha)
1219 2484 1336 2513 arma
1364 2474 1445 2512 tela
1474 2474 1647 2524 aliaque,

129 2554 234 2593 quae
267 2553 337 2592 spe
371 2543 489 2592 pacis
524 2543 784 2592 amiserat,
825 2544 989 2590 reficere
1026 2547 1098 2582 aut
1133 2542 1413 2581 commercari:
1453 2541 1493 2579 in
1531 2551 1648 2592 quam

129 2611 367 2651 sententiam
399 2610 547 2662 optime
582 2620 647 2653 ea,
688 2621 803 2660 quam
837 2607 1069 2663 Kritzius⁴⁹)
1098 2609 1273 2649 omittere
1308 2606 1430 2647 verbo
1459 2606 1648 2651 adhibuit.

128 2678 339 2730 explicatio
370 2677 556 2729 quadrat:
591 2678 683 2727 ‘qui
715 2678 846 2728 aliqua
880 2689 922 2715 re
955 2689 1032 2716 non
1064 2675 1145 2715 vult
1175 2677 1231 2715 uti
1261 2687 1350 2714 cum
1381 2680 1530 2726 potest,
1562 2686 1647 2713 eam

215 2822 274 2863 48)
299 2821 383 2854 edit.
400 2832 431 2857 a.
453 2822 538 2854 1868
563 2820 711 2863 praefat.
732 2831 765 2863 p.
783 2820 844 2853 lx.
937 2820 996 2862 49)
1020 2820 1106 2853 edit.
1124 2820 1204 2852 mai.
1221 2819 1267 2852 ad
1290 2819 1368 2861 Iug.
1385 2820 1439 2859 31,
1461 2819 1500 2851 17
1518 2828 1553 2861 p.
1573 2817 1647 2852 186.
