1814 3042
1607 97 1660 140 31

129 204 335 263 ..omittitff
365 211 439 256 hoc
468 213 575 254 enim
605 212 692 253 loco
721 213 899 253 amittere
928 212 1049 252 verbo
1078 212 1287 253 consilium
1308 211 1525 265 significari
1546 224 1663 253 nemo

150 280 399 335 inficiabitur.
466 281 604 333 Neque
648 281 914 334 spernendum
959 286 1063 325 erat.
1113 276 1225 332 quod'
1255 281 1478 321 Dietschius
1491 278 1538 332 ⁵⁰)
1578 283 1662 331 ipse

3 376 29 409 n·
63 353 101 385 ’ῗ
132 348 443 400 ·monuit>‚³iam
481 349 655 388 comicos
693 353 848 389 veteres
887 348 944 400 (ac
975 347 1200 389 Sallustium
1231 349 1325 388 satis
1354 349 1534 389 novimus
1564 349 1662 389 anti-

8 411 13 418 *
78 414 81 416 ³
137 423 320 476 ,qnorum
342 417 553 457 verborum
584 416 910 467 amantissimum)
938 420 977 455 et
1007 415 1079 455 alia
1110 415 1254 455 similia
1276 415 1418 455 dixisse
1441 421 1481 455 et
1499 417 1663 456 noxiam

150 490 338 532 amittere,
372 489 415 525 ut
434 483 593 523 Terent.
615 481 715 522 Eun.
737 480 820 522 852
849 483 982 522 ‘uuam
1004 482 1104 522 hanc
1125 483 1280 522 noxiam
1302 485 1454 522 amitte:
1483 485 1515 522 si
1545 483 1662 523 aliam

93 544 96 545 ⁷
153 554 346 594 admisero
376 562 574 601 umquam,
604 549 806 589 occidito'.
866 549 999 600 ltaque
1030 560 1118 588 cum
1148 548 1244 588 haec
1266 550 1371 588 vocis
1391 549 1497 588 notio
1528 562 1547 589 a
1579 562 1662 589 ser-

153 633 267 666 mone
297 630 448 671 usuque
486 617 605 657 latino
642 618 805 656 minime
850 614 1080 662 abhorreat,
1118 616 1186 656 sed
1225 622 1264 655 et
1293 618 1505 667 aptissima·
1533 619 1584 657 sit
1622 623 1662 657 et

131 687 407 741 exquisitior,
449 697 602 725 summo
639 685 727 724 iure
766 683 840 724 hoc
868 683 984 724 nobis
1013 684 1193 724 videmur
1222 689 1409 730 statuere,
1439 684 1660 732 librarium,

100 781 109 788 =
153 758 221 808 qui
242 756 392 807 primae
414 753 551 792 classis
579 751 799 802 exemplum
826 752 1081 804 archetypum
1113 752 1333 803 scripserit,
1364 751 1566 791 lection-em
1597 766 1661 791 ro-

130 817 236 863 'cem
267 817 355 861 cmm
385 819 536 870 vulgari
558 824 598 859 et
626 823 814 859 consueta
836 824 1003 859 mutasse
1034 823 1150 870 atque
1181 819 1234 858 ita
1265 820 1484 870 scripturae
1514 820 1661 859 discre-

152 890 325 942 pantiam
355 892 480 926 ortam
513 899 611 925 esse.

264 954 347 1005 lug.
379 950 453 998 85,
484 950 511 992 2
548 953 586 992 in
628 953 664 990 V
696 947 841 1003 legitur
891 957 1077 1001 quanto
1110 954 1242 1002 pluris
1278 958 1337 991 est
1373 953 1562 993 univorsa
1598 965 1663 992 res

151 1022 326 1072 publica,
362 1031 479 1069 quam
510 1022 736 1058 consulatus
765 1025 834 1058 out
858 1025 1075 1068 praetura,
1107 1029 1161 1058 eo
1189 1020 1339 1058 maiore
1357 1030 1457 1057 cura
1488 1032 1522 1058 e.
1545 1032 1582 1070 q.
1605 1031 1660 1062 s.;

153 1090 193 1129 in
231 1089 374 1128 ceteris
412 1086 596 1127 omnibus
638 1091 698 1126 est
733 1098 823 1135 quo
852 1087 986 1136 pluris
1014 1108 1067 1115 —
1095 1098 1158 1125 eo.
1226 1085 1331 1133 Quas
1369 1086 1583 1137 scripturas
1627 1089 1660 1127 si

154 1158 258 1195 inter
287 1167 328 1193 se
358 1165 633 1206 comparamus
663 1158 703 1192 et
722 1158 809 1192 utra
838 1165 884 1192 ex
913 1157 999 1197 utra
1030 1153 1184 1193 facilius
1211 1154 1308 1192 oriri
1339 1154 1513 1205 potuerit
1542 1165 1661 1205 quae-

154 1224 289 1266 rimus,
322 1226 484 1273 apparet
513 1222 597 1259 fieri
630 1220 689 1259 vix
719 1221 894 1270 potuisse
925 1225 967 1259 ut
995 1232 1073 1269 quo
1101 1250 1111 1259 .
1133 1249 1142 1258 .
1165 1251 1173 1259 .
1198 1251 1207 1259 .
1235 1231 1280 1259 eo
1309 1221 1349 1259 in
1379 1225 1524 1268 quanto
1553 1251 1562 1259 .
1586 1251 1595 1259 .
1618 1250 1628 1260 .
1650 1250 1660 1259 .

152 1300 198 1328 eo
227 1293 572 1339 corrumperetur;
603 1296 678 1335 quo
707 1291 836 1325 autem
857 1285 913 1324 ex
942 1291 1092 1334 quanto
1121 1287 1315 1336 originem
1337 1286 1495 1325 duxisse
1526 1299 1546 1326 a
1568 1299 1660 1339 pro-

154 1354 358 1395 babilitate
384 1367 460 1394 non
481 1353 681 1394 abhorret.
731 1353 892 1394 Accedit
921 1353 1024 1405 quod
1056 1358 1203 1402 quanto
1229 1355 1376 1405 optime
1408 1353 1471 1393 hic
1502 1354 1661 1399 dicitur,

153 1423 243 1472 quia
275 1434 364 1460 cum
391 1423 522 1470 pluris
552 1432 643 1459 voce
682 1421 934 1459 coniunctum
956 1425 1037 1465 est;
1067 1425 1216 1469 quanto
1246 1432 1338 1459 vero
1368 1425 1407 1459 et
1435 1430 1480 1458 eo
1508 1421 1665 1473 saepius

152 1488 229 1528 sibi
259 1489 428 1528 invicem
462 1487 701 1540 respondere
734 1488 794 1527 vix
833 1500 932 1539 opus
969 1493 1029 1527 est
1059 1487 1248 1539 exemplis
1278 1488 1436 1527 docere.
1485 1488 1549 1526 Sic
1578 1489 1659 1527 Liv.

154 1555 219 1600 111,
251 1553 299 1600 8,
331 1553 378 1594 8:
409 1560 557 1604 quanto
585 1555 743 1602 lonqius
771 1554 822 1592 ab
851 1555 947 1593 urbe
975 1554 1247 1597 abscederent,
1278 1565 1324 1593 eo
1351 1556 1535 1593 solutiore
1561 1566 1662 1593 cura

153 1634 187 1661 e.
219 1634 255 1673 q.
287 1634 318 1660 s.
369 1619 525 1673 (Pomp.
565 1620 612 1659 ad
653 1620 811 1673 Domit.)
855 1632 917 1672 ap.
957 1621 1034 1661 Cic.
1076 1634 1138 1672 ep.
1178 1620 1225 1659 ad
1264 1622 1338 1660 Att.
1379 1620 1481 1663 vul.
1516 1619 1584 1665 12,
1615 1622 1661 1660 b.-

153 1692 300 1737 quanto
327 1689 430 1726 enim
458 1688 587 1735 mayis
615 1689 945 1736 appropinquare
973 1688 1230 1726 adversarius
1258 1688 1396 1736 coepit,
1430 1698 1475 1725 eo
1503 1687 1574 1726 tibi
1598 1699 1660 1726 ce-

152 1756 275 1793 lerius
303 1755 499 1803 agendum
527 1760 628 1793 erat.

195 1826 201 1831 “
265 1821 393 1861 Etiam
425 1821 588 1861 maioris
615 1823 805 1860 momenti
845 1820 1068 1873 exemplum
1104 1820 1131 1870 ἓ
1164 1819 1212 1859 11
1256 1825 1393 1859 exstat.
1452 1820 1523 1860 Hic
1553 1822 1659 1860 enim

153 1888 193 1926 in
232 1889 263 1926 V
293 1893 333 1927 et
364 1879 450 1939 0⁵¹)
481 1890 758 1939 imperatorem
789 1888 944 1940 legitur,
976 1889 1017 1928 in
1047 1888 1114 1928 PC
1141 1889 1341 1938 imperare
1369 1889 1561 1940 scriptum
1585 1894 1657 1934 est,

153 1955 255 2004 quod
296 1955 501 1999 lon-(lanus,
549 1952 787 2000 Dietschius,
836 1955 1037 1994 Iacobsius
1082 1957 1156 2006 ipsi
1196 1955 1379 1994 Sallustio
1417 1955 1657 1995 tribuerunt.

153 2020 327 2068 Quorum
358 2024 502 2064 rationi
533 2027 685 2064 tantum
714 2021 826 2064 abest
848 2028 889 2064 ut
913 2023 1123 2069 assentiar,
1157 2027 1200 2063 ut
1230 2022 1320 2063 hinc
1353 2022 1660 2076 pulcherrimum

153 2090 373 2140 exemplum
405 2092 486 2141 peti
518 2090 674 2129 credam
705 2102 784 2141 quo
811 2090 1047 2142 praestantia
1075 2090 1168 2129 libri
1199 2092 1231 2128 V
1258 2096 1376 2141 atque
1407 2090 1661 2142 interpolatio

106 2208 111 2211 Ι
154 2153 398 2207 reliquorum
430 2156 620 2197 librorum
652 2156 855 2210 probetur.
916 2158 1043 2209 Atque
1074 2162 1115 2196 ut
1145 2156 1239 2197 illud
1265 2170 1313 2197 ne
1342 2169 1540 2209 premam,
1582 2170 1659 2197 non

154 2221 263 2261 facile
301 2224 384 2262 fieri
422 2226 592 2276 potuisse
631 2223 775 2269 videri,
815 2230 859 2263 ut
893 2225 1168 2274 imperatorem
1206 2237 1253 2263 ex
1291 2226 1508 2274 imperare,
1556 2224 1659 2276 quod

116 2280 121 2283 ’
153 2288 275 2328 m'ulto
303 2292 466 2342 propius
496 2291 542 2331 ad
573 2304 795 2331 sermonem
825 2293 1023 2343 vitamque
1062 2291 1295 2331 cotidianam
1326 2291 1498 2337 accedit,
1537 2293 1659 2331 orire-

153 2359 238 2399 tur,
278 2356 398 2396 immo
428 2356 645 2398 credendos
682 2369 767 2398 esse
805 2357 989 2398 librarios
1025 2359 1308 2404 accusativum,
1348 2359 1416 2410 qui
1453 2358 1546 2410 quid
1582 2358 1658 2397 sibi

153 2419 270 2461 vellet
300 2434 376 2462 non
415 2424 711 2476 intellegerent,
751 2438 839 2464 cum
876 2426 1070 2465 infinitivo
1100 2432 1291 2465 mutasse:
1330 2427 1405 2478 ipsi
1443 2427 1658 2464 sententiae

218 2604 221 2605 γ
242 2556 302 2603 50)
325 2556 413 2589 edit.
440 2568 474 2590 a.
501 2559 588 2592 1859
613 2559 810 2592 Comment.
837 2569 915 2603 cap.
938 2560 971 2592 V
994 2570 1029 2602 p.
1057 2561 1131 2592 120.

243 2609 300 2651 51)
325 2611 396 2652 Qui
425 2613 568 2648 codices
591 2615 630 2648 hi
653 2616 681 2649 0
711 2617 785 2650 sint
808 2616 954 2659 ignoro,
985 2626 1064 2649 cum
1087 2615 1195 2648 etiam
1224 2615 1335 2650 libros
1360 2617 1405 2651 P1
1434 2615 1489 2658 (et
1512 2615 1592 2657 Ρ4),
1622 2617 1659 2648 in

154 2664 282 2705 quibus
306 2669 541 2708 imperatorem
563 2670 635 2712 legi
659 2681 702 2704 ex
718 2671 898 2704 Dietschii
913 2672 1149 2704 adnotatione
1171 2671 1339 2715 colligere
1362 2672 1537 2714 quispiam
1558 2675 1657 2713 pote-

152 2722 221 2760 rat,
243 2721 414 2764 imperare
436 2724 605 2766 praebere
630 2726 758 2760 Wirzii
781 2737 889 2771 opera
915 2727 1078 2761 sciamus.
1121 2728 1248 2770 Itaque
1273 2728 1438 2770 suspicor
1461 2727 1603 2760 omnino
1621 2727 1658 2759 in

153 2774 232 2806 solo
260 2777 293 2807 V
314 2778 550 2819 imperatorem
572 2786 729 2824 exstare,
754 2793 834 2816 cum
859 2783 1051 2823 Iordanus,
1081 2783 1118 2815 ni
1143 2783 1264 2824 fallor,
1289 2783 1335 2814 ad
1358 2782 1505 2815 Sallusti
1530 2782 1656 2814 editio-

153 2837 236 2861 nem
257 2831 450 2872 parand'am
474 2835 521 2868 Pl
542 2835 672 2871 librum
695 2838 851 2872 nondum
873 2850 895 2872 a
919 2842 1030 2872 semet
1053 2838 1221 2873 collatum
1246 2838 1418 2871 habuerit.
