1814 3042
1576 86 1626 127 11

109 193 303 250 ”tetinuitj
349 214 370 241 a
407 211 486 253 qua
527 199 654 240 forma
697 198 801 240 salva
846 198 1001 239 dicendi
1049 200 1200 240 ratione
1241 200 1303 239 vix
1341 199 1475 240 recedi
1513 211 1627 252 posse

2 258 16 287 ’ἶ
118 267 294 315 videtur}
326 274 409 308 tum
439 271 571 318 autem
599 256 797 317 maluisse,
833 268 935 318 quod
966 268 1157 307 sententia
1188 268 1347 307 omnino
1378 279 1514 307 carere
1543 268 1627 318 ipse

116 338 308 388 Iordanus
344 335 570 387 profitetur„
607 333 725 373 nullo
769 340 876 374 certe
920 333 1035 373 modo
1077 334 1250 374 rhetoris
1293 335 1460 374 consilio
1506 334 1626 374 tribui

67 442 72 445 a
117 390 268 458 potest,
306 413 423 454 quem
451 400 565 440 'haud
604 401 807 440 indoctum
845 401 1056 440 verborum
1100 401 1270 440 iudicem
1316 414 1388 440 nec
1433 403 1629 441 sermonis

7 457 228 512 ''mlatini
266 468 496 521 imperitum
535 468 619 519 ipse
657 466 847 507 lordanus
880 467 1010 513 finxit,
1050 466 1117 507 sed
1156 479 1290 507 merus
1325 466 1477 507 librarii
1516 480 1629 508 error

120 535 342 577 credendus
372 539 451 578 est,
482 534 562 573 sive
592 534 696 573 oculi
726 534 773 573 ad
803 536 1018 582 maluerint
1048 533 1151 583 quod
1181 533 1311 584 paullo
1341 539 1455 573 antea
1485 535 1630 585 legitur

119 601 380 646 aberrarunt,
421 599 500 639 sive
529 599 718 640 librarius
747 599 854 640 illius
891 598 1070 640 vocabuli
1101 599 1377 640 recordatione
1407 602 1525 641 etiam
1556 600 1630 640 hoc

117 670 204 710 loco
233 669 418 707 maluisse
438 668 577 718 pinxit.
637 667 773 707 Restat
793 669 912 717 igitur
934 668 1060 707 solum
1083 667 1176 706 illud
1198 672 1338 715 matre,
1372 667 1474 717 quod
1497 674 1626 707 utrum

118 804 211 844 lusti
241 801 362 841 verba
392 801 600 853 irrepsisse
630 807 763 853 puteS,
795 802 896 841 haud
929 802 1093 841 multum
1124 803 1309 854 interest;
1348 814 1482 840 verum
1513 803 1628 841 etiam

118 870 310 910 hocloco
340 874 383 908 ut
415 879 603 914 errorem,
637 880 715 908 non
746 867 953 908 consilium
986 870 1071 908 vitii
1103 880 1261 908 causam
1287 880 1374 908 esse
1395 868 1551 908 credam
1583 880 1630 907 eo

119 937 304 980 adducor,
335 935 437 986 quod
469 937 510 974 in
549 937 583 975 V
613 935 825 985 singularis
854 947 1059 981 numeruS,
1091 937 1132 974 in
1154 937 1298 974 ceteris
1320 941 1448 974 autem
1469 934 1631 986 pluralis

121 1008 200 1056 est:
238 1014 327 1042 nam
368 1003 401 1041 si
441 1003 530 1053 quis
567 1002 793 1053 corrigendi
831 1002 962 1042 studio
998 1002 1182 1042 traditam
1213 999 1447 1053 scripturam
1478 1007 1630 1041 mutare

119 1068 326 1113 voluisset,
365 1070 428 1107 vix
466 1073 561 1120 puto
601 1080 689 1107 eum
727 1070 847 1108 etiam
884 1081 956 1120 pro
994 1069 1133 1120 plurali
1174 1080 1337 1108 numero
1376 1067 1628 1119 singularem,

120 1136 185 1186 qui
217 1136 324 1175 omni
352 1137 546 1175 sententia
577 1141 697 1180 caret,
730 1135 1034 1175 substituturum
1065 1136 1199 1175 fuisse.

233 1202 288 1241 De
319 1202 403 1253 lug.
439 1200 538 1246 102,
571 1200 616 1247 6,
653 1214 770 1254 quem
802 1201 931 1244 locum
963 1202 1153 1242 Iordanus
1182 1204 1408 1242 accuratius
1438 1203 1629 1247 tractavit,

121 1269 322 1324 disputare
354 1269 423 1307 abs
453 1281 498 1307 re
529 1281 615 1308 esse
646 1274 759 1320 puto,
799 1281 887 1308 cum
929 1282 975 1308 ex
1006 1282 1051 1308 eo
1083 1271 1125 1308 in
1156 1270 1302 1309 nullam
1333 1274 1486 1321 partem
1518 1269 1630 1319 quid-

120 1348 235 1388 quam
267 1335 428 1375 decerni
458 1348 573 1387 posse
605 1348 769 1388 prorsus
799 1335 893 1375 mihi
925 1348 1013 1376 cum
1044 1335 1109 1375 illo
1140 1337 1357 1376 conveniat.
1415 1336 1506 1375 Post
1526 1335 1630 1376 hunc

120 1408 251 1442 autem
287 1402 416 1442 locum
454 1407 638 1455 quattuor
678 1404 896 1454 scripturae
936 1403 1223 1455 discrepantias
1260 1402 1375 1443 nobis
1410 1405 1629 1456 proposuit,

121 1480 216 1520 quas
246 1482 318 1521 per
349 1483 390 1509 se
422 1471 579 1522 quidem
611 1483 688 1509 non
721 1472 852 1521 magni
881 1472 1070 1510 momenti
1099 1483 1184 1510 esse
1216 1471 1323 1516 dicit,
1357 1472 1423 1510 sed
1455 1473 1558 1511 inter
1589 1483 1630 1510 se

121 1541 366 1588 comparatas
386 1538 644 1588 suspitionem
667 1538 894 1576 mutationis
914 1537 1078 1576 consilio
1099 1542 1214 1590 atque
1236 1536 1402 1585 arbitrio
1424 1543 1629 1589 susceptae

121 1604 182 1643 vel
220 1605 278 1642 sic
318 1605 552 1644 confirmare
588 1603 817 1644 arbitratur.
884 1604 1059 1650 Quorum
1097 1617 1118 1643 e
1158 1617 1322 1644 numero
1360 1604 1628 1656 exemplorum

120 1671 284 1710 tertium
324 1672 452 1711 statim
492 1671 764 1723 excipiendum
803 1675 879 1716 est,
929 1684 1018 1712 cum
1057 1683 1210 1716 severa,
1250 1673 1327 1710 nisi
1366 1673 1525 1722 egregie
1562 1670 1629 1710 sal-

121 1737 202 1781 lor‚
241 1741 281 1775 et
317 1739 419 1776 iusta
458 1738 552 1776 artis
588 1738 750 1777 criticae
788 1738 940 1777 ratione
981 1739 1041 1777 usi
1079 1738 1124 1776 ad
1165 1736 1267 1777 aliud
1299 1743 1406 1776 certe
1444 1737 1629 1776 iudicium

121 1806 413 1855 perveniamus,
464 1805 648 1856 Legimus
668 1806 770 1845 enim
791 1806 831 1844 in
853 1804 1036 1844 omnibus
1056 1807 1138 1844 fere
1162 1805 1273 1844 libris
1294 1818 1366 1847 ms,
1388 1805 1468 1855 lug.
1490 1801 1558 1848 24.
1579 1802 1627 1844 3:

117 1870 235 1918 ferro
275 1882 329 1911 cm
364 1859 477 1921 fame
512 1873 648 1911 acrius
683 1883 833 1921 uryear
872 1874 1095 1912 incertus
1131 1882 1251 1918 sum;
1296 1873 1337 1911 in
1377 1872 1411 1910 V
1443 1883 1538 1911 vero
1569 1870 1630 1922 (et

116 1937 196 1988 11⁵,
231 1940 345 1979 cuius
374 1941 534 1979 omnino
564 1941 665 1979 ratio
695 1951 772 1979 non
799 1939 982 1985 ,habenda
1014 1939 1091 1989 est)
1123 1942 1315 1980 incertum
1345 1944 1403 1979 est
1438 1940 1629 1991 scriptum

121 2010 266 2051 exstat,
307 2005 345 2045 id
378 2005 481 2057 quod
515 2006 734 2046 Dietschius
763 2006 857 2046 olim
889 2012 996 2046 recte
1026 2012 1173 2047 tutatus
1203 2013 1260 2046 est
1274 2004 1339 2057 19),
1379 2018 1494 2056 quem
1526 2018 1631 2046 nunc

81 2068 84 2072 ’
121 2071 170 2110 ab
206 2072 280 2111 hac
316 2074 511 2112 sententia
542 2072 767 2113 discessisse
806 2085 1046 2125 magnopere
1085 2074 1210 2113 doleo.
1270 2073 1359 2112 lure
1397 2074 1503 2112 enim
1537 2073 1629 2112 olim

121 2138 379 2179 contenderat
415 2141 609 2180 incertum
653 2151 737 2180 esse
773 2153 861 2180 eum
903 2141 982 2181 dici
1019 2142 1087 2192 qui
1132 2140 1287 2180 consilii
1325 2142 1440 2192 inops
1477 2141 1545 2185 sit,
1585 2145 1628 2179 ut

121 2205 202 2256 Iug-
237 2203 301 2251 14,
332 2204 401 2245 23.
432 2204 498 2252 67,
533 2205 570 2245 1.
602 2204 670 2252 74,
695 2206 732 2246 1.
767 2205 859 2253 101,
883 2206 932 2246 2:
965 2208 1003 2247 id
1036 2208 1139 2258 qnod
1170 2207 1218 2247 ab
1249 2207 1324 2247 hoc
1354 2208 1439 2247 loco
1469 2218 1631 2259 prorsus

123 2272 293 2313 alienum
331 2286 440 2320 esse;
494 2274 659 2314 alterum
697 2280 827 2315 autem
864 2275 968 2327 quod
1006 2275 1205 2315 adiecerat
1243 2283 1516 2326 argumentum
1556 2276 1628 2313 mi-

122 2340 229 2380 nime
268 2352 402 2381 verum
442 2347 521 2381 est:
560 2341 682 2381 multo
719 2343 878 2393 gravius
922 2342 1185 2383 Adherbalem
1231 2343 1364 2382 dicere
1410 2342 1628 2381 ‘neminem

123 2406 350 2447 discernere
381 2420 495 2460 posse
525 2410 632 2448 ferro
661 2422 710 2449 an
741 2410 843 2449 same
874 2412 1005 2450 acrius
1036 2412 1262 2462 urgeatur'‚
1301 2422 1417 2462 quam
1457 2411 1520 2448 ‘se
1552 2421 1627 2448 non

123 2478 237 2524 posse
275 2473 348 2514 hoc
387 2476 645 2516 discernere'.
710 2475 876 2517 Maxime
915 2482 1047 2517 autem
1084 2476 1178 2517 illud
1215 2476 1504 2529 respiciendum
1543 2487 1628 2515 esse

122 2539 290 2586 videtur.
322 2542 547 2583 Sallustium
579 2548 657 2583 tam
687 2543 765 2583 sibi
796 2549 977 2584 constare
1007 2545 1147 2590 solere,
1180 2550 1221 2584 ut
1250 2546 1312 2583 vix
1334 2545 1509 2583 invenias
1539 2555 1628 2581 eum

123 2606 261 2656 quinto
292 2610 475 2661 quopiam
514 2610 599 2650 loco
637 2611 753 2651 aliam
783 2613 982 2651 notionem
1022 2613 1108 2651 voci
1138 2612 1198 2651 vel
1228 2610 1411 2663 loquendi
1440 2609 1628 2648 formulae

123 2671 242 2712 alicui
281 2674 541 2723 tribuentem,
584 2688 698 2728 quam
737 2690 813 2730 qua
851 2683 1035 2729 quattuor
1072 2678 1213 2718 ceteris
1251 2678 1347 2717 locis
1384 2688 1477 2716 usus
1507 2680 1625 2716 esset.

213 2816 269 2867 ⁷¹⁹)
293 2817 528 2858 Commentat.
553 2832 633 2865 cap.
660 2822 693 2856 V
716 2833 748 2865 p.
775 2824 839 2857 118
862 2822 916 2858 ed.
940 2833 974 2856 a.
1000 2824 1097 2857 1859.
