1814 3042
1432 2 1439 9 ⁵
1484 4 1489 13 v
1511 0 1642 27 “0453

145 177 348 224 quemque
379 171 519 218 pectus
548 166 731 206 hostibus
760 167 849 206 sine
875 169 1017 206 timore
1047 164 1299 217 praebuisse,
1336 167 1448 206 cuius
1477 168 1537 206 rei
1557 143 1716 211 >1citatis*-⁴
1752 164 1814 215 ἷξ-

147 235 270 274 trices
300 234 528 274 testimonia
558 234 651 274 sint.
1639 238 1643 242 ’
1739 232 1741 234 ’

262 412 338 453 Sed
371 412 469 453 baec
499 412 714 454 hactenus:
754 415 834 453 iam
872 413 977 453 enim
1014 414 1110 453 satis
1148 424 1341 465 apparere
1378 419 1473 465 puto
1513 413 1668 454 tardant

146 480 335 519 iudicium
382 481 446 519 vix
491 484 598 519 stare
645 491 759 532 posse
807 491 880 519 nec
925 479 1187 531 probabiliter
1232 479 1380 520 librum
1426 480 1461 519 V
1497 479 1609 520 credi
1646 491 1668 520 a

117 546 306 589 ,rhetore
346 558 434 587 esse
472 553 718 588 correctum:
760 546 938 599 exempla
969 548 1096 593 enim,
1136 559 1235 600 quae
1274 552 1319 587 ut
1356 547 1430 587 hoc
1467 544 1668 587 evinceret
1738 568 1743 572 Δ
1786 542 1789 545 ’

145 613 296 659 attulit,
338 626 386 653 ex
416 619 529 666 parte
568 615 610 654 in
640 615 728 666 ipso
766 615 803 654 V
829 614 914 654 solo
946 617 1054 653 recte
1085 615 1232 666 scripta
1264 612 1469 665 leguntur,
1506 615 1548 653 in
1580 613 1668 653 allis
1701 627 1709 630 ’
1737 603 1740 605 ’

144 685 278 720 utrum
306 677 483 721 Vaticani
522 693 570 721 an
607 680 780 721 Parisini
809 682 1004 733 scriptura
1040 686 1235 732 praestet,
1275 681 1487 721 diiudicari
1518 680 1665 733 nequit,

144 747 254 787 nullo
286 752 417 787 autem
449 748 534 788 loeo
565 748 773 788 manifesta
805 748 971 788 consilio
1011 753 1051 787 et
1088 747 1253 788 arbitrio
1283 749 1521 799 corrigentis
1551 751 1667 800 atque

145 816 336 854 mutantis
365 815 614 865 grammatici
646 816 810 865 vestigia
834 814 1200 866 deprehenduntur.
1260 814 1392 866 ltaque
1423 814 1470 853 ad
1501 814 1666 859 alteram

107 871 112 875 ’
146 882 394 935 quaestionis
412 885 566 933 partem
599 881 865 932 adgredimur,
897 881 938 920 in
968 892 1043 932 qua
1066 881 1114 920 de
1135 881 1233 920 locis
1255 881 1495 933 disputaturi
1517 891 1665 926 sumus,

146 949 331 999 quisine
362 947 613 987 dubitatione
645 948 692 986 ad
723 947 820 987 libri
860 949 893 987 V
923 949 1193 987 auctoritatem
1225 947 1367 986 edendi
1398 948 1487 986 sint.

256 1013 407 1053 Horum
453 1019 584 1054 autem
627 1015 802 1065 primum
847 1026 933 1054 esse
977 1019 1071 1065 puto
1115 1013 1197 1054 Cat.
1234 1010 1310 1058 20.
1347 1011 1395 1059 2,
1435 1013 1507 1053 ubi
1547 1016 1588 1053 in
1636 1014 1672 1052 V

145 1080 307 1131 legitur:
347 1086 527 1132 spectata
565 1082 664 1120 mihi
693 1082 824 1132 soret,
869 1083 912 1120 in
951 1082 982 1120 0
1015 1086 1195 1130 spectata
1231 1081 1329 1120 mihi
1356 1080 1515 1132 forent,
1557 1083 1609 1121 in·
1636 1082 1674 1121 P

144 1153 357 1197 expectata
390 1148 529 1196 serent
567 1149 687 1198 (mihi
720 1149 890 1188 inseruit
921 1138 1072 1188 manusv
1094 1150 1242 1200 prima,
1276 1149 1447 1198 probata
1480 1171 1530 1176 ——
1557 1149 1668 1196 sorec

146 1227 177 1253 s.
210 1228 240 1254 s.
269 1214 340 1266 p.).
400 1215 443 1255 ln
475 1228 552 1267 qua
583 1215 777 1269 librorum
808 1216 1077 1266 discrepantia
1109 1216 1337 1271 Vaticanum
1373 1226 1505 1254 veram
1534 1216 1661 1267 scrip-

148 1287 278 1321 turam
307 1294 485 1322 servasse
517 1285 594 1322 iam
624 1282 815 1322 Ernestus
845 1282 893 1322 de
924 1281 1097 1322 Leutsch
1128 1280 1360 1333 monuit²¹);
1399 1287 1573 1322 attamen
1603 1282 1666 1321 vel

150 1350 419 1389 recentissimi
451 1350 626 1389 editores
657 1350 814 1390 codices
845 1351 996 1401 primae
1028 1349 1162 1389 classis
1191 1349 1319 1402 pluris
1339 1350 1664 1389 aestimaverunt:

151 1420 364 1468 utrumque
396 1422 528 1456 autem
560 1417 640 1456 dici
670 1428 784 1468 posse
815 1416 986 1466 Langius
1017 1416 1065 1455 ad
1097 1416 1178 1456 Cat.
1200 1414 1268 1461 31,
1293 1415 1314 1455 1
1347 1421 1386 1455 et
1416 1415 1589 1455 Kritzius
1618 1416 1665 1455 ad

96 1528 100 1532 ⁴
149 1482 231 1522 Cat.
275 1479 348 1528 10,
390 1481 411 1522 1
452 1482 515 1522 ed.
557 1484 656 1523 mai:
689 1482 921 1523 docuerunt.
989 1482 1113 1523 Aliam
1159 1494 1250 1522 vero
1289 1483 1526 1523 sententiam
1565 1482 1667 1523 Bad-

149 1547 447 1601 stuebnerus²⁵)
480 1550 683 1601 ampiexus
713 1554 791 1593 est,
824 1551 891 1600 qui
922 1549 1022 1587 hanc
1054 1549 1180 1599 legem
1212 1551 1363 1600 posuit:
1398 1551 1432 1588 si
1463 1549 1666 1601 praedica-

151 1620 235 1654 tum
267 1615 330 1655 vel
359 1628 579 1667 pronomen
611 1615 658 1655 ad
691 1615 802 1668 plura
834 1616 992 1654 nomina
1031 1615 1266 1667 appellativa
1297 1616 1477 1655 seminini
1506 1616 1665 1667 generis

150 1684 372 1733 pertineat,
413 1683 647 1722 Sallustium
686 1694 852 1721 numero
889 1682 1032 1733 plurali
1072 1684 1205 1721 neutri
1235 1684 1395 1733 generis
1425 1683 1552 1721 solere
1582 1684 1663 1721 uti:

149 1762 267 1802 quam
307 1750 355 1789 de
395 1749 621 1802 praedicato
661 1749 786 1800 legem
827 1773 876 1778 —
918 1761 1007 1788 nam
1046 1751 1087 1788 in
1124 1751 1358 1800 pronomine
1398 1749 1473 1789 alia
1512 1760 1664 1801 quoque

146 1816 400 1867 respicienda
440 1822 531 1855 sunt
568 1839 622 1845 —
659 1822 698 1854 et
736 1816 809 1855 hoc
847 1821 886 1854 et
932 1815 1060 1854 tribus
1099 1827 1145 1854 ex
1185 1815 1287 1855 bello
1325 1816 1560 1867 Iugurthino
1597 1816 1664 1855 de-

145 1885 340 1936 promptis
370 1883 562 1934 exemplis
591 1884 824 1922 confirmare
857 1882 1001 1922 studet.
1062 1882 1249 1933 Legimus
1280 1885 1386 1923 enim
1418 1883 1501 1934 lug.
1532 1880 1607 1927 38,
1639 1880 1665 1921 8

145 1961 227 1990 nox
257 1954 375 1999 atque
402 1951 560 1999 praeda
589 1955 813 1989 castrorum
843 1950 980 1992 hostis,
1019 1952 1224 1998 quominus
1253 1951 1418 1989 victoria
1446 1955 1663 1997 uterentur,

145 2023 350 2056 remorata
380 2022 490 2062 surm
528 2016 607 2066 lug.
638 2013 711 2062 52,
742 2014 771 2054 4
804 2018 1016 2065 plerosque
1053 2018 1236 2056 velocitas
1270 2022 1309 2056 et
1345 2019 1454 2065 reqio
1491 2017 1667 2056 hostibus

145 2086 294 2131 iynara
324 2087 455 2122 tutata
484 2089 595 2128 surm
626 2083 709 2133 lug.
732 2079 799 2127 68,
827 2081 846 2121 l
879 2083 946 2122 ubi
973 2085 1036 2121 ira
1056 2088 1094 2122 ec
1113 2083 1323 2132 aeqriludo
1335 2085 1543 2133 permixta
1561 2087 1663 2122 sunt.

148 2149 285 2201 Neque
318 2161 412 2188 vero
446 2148 541 2188 vidit
577 2151 636 2188 vir
674 2148 738 2187 ille
770 2148 909 2188 doctus
939 2148 1056 2199 paulo
1096 2149 1213 2188 aliter
1243 2151 1285 2188 in
1315 2148 1393 2189 illis
1421 2150 1520 2190 locis
1549 2154 1665 2202 atque
1727 2169 1732 2171 -

146 2219 186 2256 in
218 2216 293 2256 hoc
324 2228 409 2255 rem
441 2227 482 2255 se
512 2215 680 2261 habere,
721 2226 811 2254 cum
850 2216 892 2255 in
931 2215 1012 2268 illis
1049 2215 1229 2255 diversae
1267 2228 1331 2257 res
1360 2218 1664 2268 coniungantur,

145 2295 246 2334 quae
297 2282 440 2322 deinde
488 2295 653 2322 numero
692 2282 834 2334 plurali
882 2284 1013 2322 neutri
1050 2284 1210 2333 generis
1253 2283 1662 2336 comprehenduntur:

145 2351 272 2390 utitur
303 2354 436 2390 autem
458 2349 664 2389 Sallustius
685 2349 740 2389 ibi
762 2356 798 2389 el
828 2349 886 2389 vel
908 2355 1028 2400 alque
1053 2350 1256 2401 particula,
1288 2361 1388 2402 quae
1409 2362 1524 2391 voces
1545 2361 1664 2402 copu-
1705 2361 1742 2373 d

146 2418 243 2457 latas
265 2416 556 2468 quodammodo
578 2416 755 2460 distinet,
778 2416 851 2455 hoc
873 2429 965 2456 vero
986 2417 1070 2456 loco
1090 2429 1165 2465 que
1184 2418 1378 2469 particula
1400 2404 1535 2468 (virtus
1546 2417 1665 2465 fides·

144 2483 244 2534 que),
269 2484 383 2523 cuius
407 2483 514 2522 vocis
537 2483 614 2521 vim
638 2494 831 2534 usumque
858 2484 925 2534 qui
951 2484 1217 2540 perspexerit,
1242 2489 1349 2524 certe
1375 2488 1519 2538 quanta
1539 2484 1579 2523 in
1602 2482 1666 2523 his

145 2550 359 2591 diversitas
389 2551 441 2590 sit
469 2548 585 2590 facile
616 2549 829 2600 intelleget.
889 2550 1013 2596 Onam
1045 2550 1341 2591 distinctionem
1379 2553 1412 2591 si
1442 2553 1533 2602 quis
1562 2551 1664 2590 forte

144 2617 395 2657 subtiliorem
437 2621 477 2656 et
523 2617 626 2655 iusto
671 2616 924 2671 paucioribus
968 2617 1160 2670 exemplis
1196 2617 1443 2658 Sallustianis
1483 2627 1662 2669 compro-

233 2728 292 2770 24)
316 2726 446 2764 Philol.
471 2733 497 2760 t.
517 2727 604 2761 XXI
627 2738 660 2770 p.
680 2729 731 2762 19.
822 2728 880 2771 25)
906 2740 939 2772 p.
956 2730 977 2762 5
1000 2730 1315 2763 commentationis
1340 2729 1400 2762 ‘de
1426 2728 1592 2762 Sallustii.
1609 2727 1664 2760 di-

143 2784 244 2818 cendi
261 2787 405 2828 genere’
421 2784 580 2818 Berolini
598 2794 628 2816 a.
649 2784 733 2817 1863
751 2783 867 2817 editae
880 2785 917 2817 in
931 2794 1041 2828 progr
1066 2785 1247 2827 gymnasii
1259 2784 1659 2819 Friderieo-Gu'lelmii.
