1814 3042
1598 107 1650 150 19

8 220 10 222 V
80 220 97 268 J
136 227 206 269 Pzss
218 231 257 267 et
283 236 358 279 pro
386 229 504 272 atque
533 226 675 262 servat.
735 221 857 268 Quam
890 222 1129 273 scripturam
1155 228 1198 262 ut
1227 222 1528 274 elegantiorem,
1559 233 1648 261 cum

136 294 283 344 m'isqna
320 297 467 340 atque
502 291 717 338 mamtiftca
745 288 975 341 praecedat,
1015 290 1091 328 iam
1124 290 1295 328 Wirzius
1324 302 1364 341 p,
1395 288 1421 328 8
1452 289 1647 341 praetulit,

136 361 192 402 ah
217 358 413 401 Eussner-0
443 356 517 396 hac
547 355 597 395 de
627 367 742 396 causa
772 354 884 395 valde
914 345 1235 408 vituperatus32),
1277 361 1320 396 ut
1349 357 1417 409 qui
1449 360 1565 407 neget
1604 356 1649 395 ‘a

136 426 380 479 singularum
409 423 657 476 quarundam
687 424 900 463 lectionum
932 422 1123 473 elegantia
1155 424 1200 462 ad
1223 423 1404 462 codicum
1436 423 1648 462 bonitatem

136 491 317 533 concludi
355 489 527 530 debere’
568 491 641 539 (sic
678 490 782 528 enim
819 488 999 540 scribit),
1049 489 1192 528 Verum
1230 490 1400 541 primum
1443 502 1521 529 non
1559 495 1649 528 sunt

136 559 313 611 singulae
342 557 533 610 quaedam
556 558 780 609 scripturae
801 556 1030 608 elegantiae,
1063 570 1084 596 e
1105 556 1249 609 quibus
1279 556 1326 596 de
1356 556 1443 596 libri
1473 559 1507 596 V
1535 569 1648 608 prae-

129 627 278 666 stantia
310 624 523 669 iudicatur,
554 622 622 662 sed
653 623 810 667 multae,
842 634 969 676 neque
1000 624 1161 662 omnino
1192 623 1267 662 alia
1298 624 1358 662 via
1388 615 1437 662 de
1457 622 1647 663 librorum

135 705 208 733 ms.
239 692 474 732 auctoritate
510 691 671 730 decer-ni
703 695 851 741 potest;
890 690 1032 730 deinde
1063 696 1171 729 certe
1201 690 1367 730 alterum
1399 690 1492 729 illud
1525 691 1648 729 multo

136 759 323 800 audacius
352 762 433 802 est,
473 768 494 796 e
525 757 726 796 nonnullis
756 756 978 803 erroribus,
1019 757 1084 808 qui
1123 756 1183 796 vel
1215 756 1395 796 inscitiae
1425 755 1483 796 vel
1516 756 1648 807 negle-

135 827 291 877 gentiae
321 823 574 863 librariorum
604 823 819 869 debentur,
859 824 1035 864 codicem
1073 824 1148 863 sibi
1186 823 1401 863 informare
1441 822 1488 862 ab
1519 822 1649 875 aliquo

136 891 292 931 rhetore
311 895 500 930 mutatum
519 895 558 930 et
577 890 878 943 interpolatum„
911 890 989 929 Hac
1011 895 1141 930 autem
1163 891 1203 930 in
1225 902 1341 930 causa
1362 890 1539 943 quamvis
1559 895 1648 930 ante

136 960 265 998 omnia
288 958 465 1009 exempla
486 958 721 996 conserenda
745 963 894 1002 essent,
927 963 1054 996 tamen
1076 970 1206 1009 neque
1230 956 1413 1007 Wirzius,
1440 958 1555 996 cuius
1575 957 1650 995 hoc

135 1029 241 1064 certe
263 1029 359 1070 erat,
381 1036 512 1076 neque
532 1023 757 1064 Eussnerus
777 1024 854 1064 ulla
875 1023 1024 1064 attulit:
1047 1025 1115 1075 qui
1137 1025 1242 1063 enim
1269 1025 1308 1063 in
1331 1023 1430 1063 lianc
1451 1024 1648 1076 quaestio·

134 1104 223 1130 nem
253 1092 429 1133 intentus
454 1089 613 1131 Sallusti
642 1090 764 1130 libros
785 1089 1021 1142 perlegerit,
1052 1103 1128 1130 non
1161 1102 1253 1130 sane
1283 1091 1398 1142 plane
1423 1092 1647 1130 inusitatam

135 1171 220 1198 esse
253 1157 430 1198 eiusdem
467 1159 758 1198 coniunctionis
788 1159 1042 1199 iterationem
1079 1159 1270 1198 inveniet:
1304 1158 1430 1210 (velut
1468 1157 1649 1197 similiter

135 1226 278 1276 legitur
298 1225 380 1275 lug.
406 1222 474 1269 14,
500 1222 552 1263 19
572 1227 720 1275 ‘magni
741 1226 836 1264 estis
855 1230 895 1264 et
912 1226 1102 1277 opulenti,
1126 1226 1257 1264 omnia
1280 1225 1450 1264 secunda
1470 1230 1509 1263 et
1527 1223 1648 1263 oboe-

134 1291 279 1330 dientia
310 1293 440 1337 sunt’;
471 1291 569 1331 ibid.
598 1289 666 1337 43,
702 1291 721 1330 1
754 1293 851 1331 ‘acri
883 1294 967 1331 viro
997 1298 1036 1331 ec
1063 1303 1298 1344 quamquam
1330 1291 1493 1331 advorso
1513 1291 1648 1343 populi

134 1359 325 1410 partium,
359 1357 458 1396 l'ama
490 1362 618 1396 tamen
651 1357 845 1410 aequabili
876 1363 915 1397 et
943 1358 1180 1407 inviolata'):
1215 1370 1349 1397 verum
1381 1357 1485 1397 idem
1517 1362 1646 1397 tamen

134 1423 336 1475 intelleget
366 1424 489 1463 multo
520 1429 559 1463 et
589 1424 868 1475 elegantiorem
907 1430 946 1464 et
986 1425 1234 1465 usitatiorem
1266 1426 1495 1464 varietatem
1526 1425 1646 1476 parti·

134 1491 312 1529 cularum
337 1499 443 1535 esse,
472 1495 515 1530 ut
535 1490 588 1530 ib.
609 1489 684 1536 35,
705 1489 733 1531 5
754 1492 907 1531 ‘itinera
930 1503 1189 1542 egressusque
1209 1493 1315 1535 eius,
1346 1496 1543 1542 postremo
1564 1491 1645 1530 loca

133 1561 249 1606 alque
288 1562 465 1610 tempora
506 1562 645 1598 cuncta
683 1558 911 1610 explorat';
958 1557 1012 1598 ib.
1050 1556 1124 1603 36,
1164 1557 1191 1598 2
1235 1558 1444 1609 ‘Iugurtha
1490 1558 1646 1598 trahere

134 1625 264 1663 onmia
295 1629 333 1663 et
360 1625 455 1663 ali-as
487 1624 629 1664 deinde
659 1624 754 1664 alias
776 1637 907 1664 morae
928 1637 1066 1674 causas
1088 1626 1232 1671 facere,
1266 1625 1446 1677 polliceri
1476 1624 1645 1664 deditio-

134 1703 223 1730 nem
266 1702 316 1730 ac
355 1690 498 1731 deinde
526 1692 685 1738 lmetnm
717 1691 949 1738 simulare';
988 1691 1039 1731 ib.
1070 1689 1144 1737 92,
1179 1691 1199 1731 1
1233 1694 1419 1743 ‘magnus
1448 1698 1487 1731 et
1516 1691 1645 1731 clarus

134 1762 246 1796 antea
278 1759 405 1797 maior
431 1763 552 1807 atque
581 1758 724 1797 clarior
743 1758 884 1798 haberi
915 1759 1074 1809 coepit'.
1122 1758 1284 1798 Accedit
1312 1760 1431 1797 etiam
1463 1758 1643 1801 alterum,

133 1835 219 1864 meo
257 1824 415 1876 quidem
454 1836 572 1864 sensu
612 1823 713 1864 haud
748 1824 861 1876 plane
895 1824 1172 1877 spernendum.
1225 1825 1486 1865 Consentiunt
1526 1826 1644 1869 enim,

132 1895 176 1928 ut
206 1885 323 1941 supra
356 1892 430 1930 iam
470 1891 707 1942 significavi,
747 1903 835 1930 cum
865 1890 1050 1931 Vaticano
1082 1892 1128 1932 P1
1153 1897 1191 1930 et
1222 1892 1300 1937 1³2,
1340 1902 1506 1942 qnorum
1537 1892 1644 1942 prio-

133 1968 216 1996 rem
249 1957 420 1997 Wirzius
451 1958 507 2009 (p.
539 1956 585 2008 2)
618 1954 958 2009 gemellumlibri‘
985 1960 1018 1997 P
1043 1958 1159 2003 dicit,
1198 1959 1301 2011 quod
1341 1960 1424 2009 ipse
1456 1958 1646 1997 Iordanus

132 2021 209 2061 non
240 2023 354 2074 plane
385 2022 699 2077 improbavit33),
731 2025 784 2064 ita
816 2029 860 2064 ut
888 2026 953 2064 vix
983 2025 1215 2077 persuaderi
1247 2025 1343 2064 mihi
1374 2025 1500 2078 patiar
1530 2030 1647 2073 atque

131 2090 361 2140 particulam
393 2096 432 2129 et
461 2091 498 2129 in
537 2092 571 2130 V
601 2097 640 2130 et
670 2092 711 2130 in
742 2093 791 2131 P1
817 2092 877 2142 (et
906 2091 975 2141 P2)
1014 2104 1103 2130 cum
1132 2097 1170 2131 et
1200 2104 1294 2131 voce
1327 2097 1514 2131 mutatam
1546 2104 1644 2136 esse,

132 2154 354 2197 Parisinum
377 2169 414 2197 n.
440 2154 524 2198 500
544 2162 674 2198 autem
695 2157 819 2198 solum
845 2171 977 2200 veram
1002 2160 1239 2212 scripturam
1270 2172 1461 2200 servasse.
1512 2159 1645 2212 ltaque

132 2234 219 2261 cum
241 2223 606 2264 animadvertissem
628 2225 773 2264 librum
804 2227 837 2264 V
857 2238 946 2265 cum
968 2226 1146 2265 Parisino
1169 2225 1276 2266 1576
1300 2227 1387 2277 (P1)
1420 2239 1496 2266 non
1524 2227 1644 2265 semel

133 2292 282 2330 tantum
314 2290 373 2330 vel
406 2291 467 2331 bis
497 2294 719 2333 consentire
750 2293 999 2346 discrepante
1030 2293 1211 2333 Parisino
1240 2291 1325 2333 500
1355 2295 1439 2346 (P),
1471 2306 1546 2333 non
1575 2293 1645 2333 abs

133 2367 175 2393 re
207 2368 291 2395 esse
322 2360 452 2407 putavi
483 2359 580 2398 haec
611 2360 786 2412 exempla
819 2360 1028 2411 diligenter
1049 2360 1210 2400 collecta
1232 2362 1271 2400 in
1295 2362 1512 2412 posteriore
1534 2366 1643 2411 parte

131 2420 249 2460 huius
284 2427 630 2466 commentationis
667 2427 843 2479 aspectui
879 2438 1119 2480 proponere,
1161 2432 1267 2467 ratus
1304 2427 1468 2467 sortasse
1507 2427 1563 2466 vel
1603 2427 1641 2466 in

132 2486 205 2526 hac
236 2490 319 2539 ipsa
352 2503 395 2530 re
417 2494 525 2532 viros
547 2493 682 2533 doctos
702 2493 1088 2534 commendationem
1111 2495 1379 2546 auxiliumque
1399 2496 1494 2539 eins,
1525 2506 1641 2545 quam

133 2552 369 2617 defensurus
397 2569 505 2603 sum,
537 2561 756 2600 sententiae
787 2572 873 2600 esse
903 2561 1144 2600 inventuros.

244 2621 355 2664 Nunc
376 2637 469 2665 vero
499 2626 546 2667 ad
577 2627 658 2667 Cat.
691 2641 774 2680 cap.
799 2626 853 2668 51.
885 2627 1105 2674 redeamus,
1137 2629 1206 2668 ubi
1232 2630 1350 2669 etiam
1381 2628 1407 2678 ξ
1432 2625 1458 2666 9
1487 2626 1578 2667 libri
1610 2630 1646 2667 V

132 2688 327 2740 scriptura
349 2692 472 2732 multo
493 2706 609 2746 quam
630 2702 854 2735 ceterorum
880 2697 1010 2748 aptior
1031 2702 1109 2736 est:
1136 2695 1200 2736 ille
1222 2697 1325 2736 enim
1347 2707 1434 2735 cum
1456 2693 1643 2746 praebeat

1671 2783 1687 2800 ἱ

220 2831 277 2873 32)
302 2833 460 2868 Exercit.
486 2836 572 2872 Sall.
598 2849 632 2880 p.
656 2840 677 2872 8
702 2838 806 2883 (165).
929 2840 987 2882 33)
1012 2840 1133 2873 Herm.
1157 2840 1228 2872 vol.
1254 2840 1307 2872 III
1331 2850 1364 2882 p.
1386 2840 1463 2872 460.

1322 2904 1373 2939 2*
